3317 4817
75 370 83 376 -
236 392 238 397 ,
632 328 668 393 SI
1144 348 1210 401 usp.

74 412 145 477 tit.
169 412 218 475 nb
238 432 273 473 eo
292 411 454 475 simoniaci
482 411 559 474 dicti
579 430 674 473 sunt.
697 412 809 475 Romae
828 409 882 476 sub
901 410 1018 472 Nerone
1038 411 1138 496 magni
1158 410 1240 471 habi·

75 488 187 559 tt'tsbb
207 496 374 578 praestigias
395 516 475 564 suas.
498 516 514 555 e
535 494 654 554 sublimi
675 494 819 570 dejectus,
832 497 866 553 S.
883 495 965 553 Pct'ri
983 491 1169 646 oratiorum
1186 510 1241 553 tra·

75 576 159 639 ditur
178 574 275 638 coram
298 580 384 637 Rom.
412 598 448 671 po
472 622 478 635 .
499 578 663 661 Surtt„qui
684 576 805 645 dicant,
827 594 951 635 erectam
971 576 999 633 ei
1019 591 1112 634 statua
1171 593 1249 633 curru

74 651 291 745 inscriptione:
312 657 423 719 Semont
444 598 511 719 beo
531 657 658 718 Sancto.
680 660 789 718 Verum
811 675 873 716 non
895 654 1018 726 Sancto,
1039 655 1089 716 sed
1098 653 1193 714 Sanco
1204 656 1241 714 iu

76 759 111 801 ea
132 740 274 821 scriptum
294 758 375 801 erat.
492 754 494 757 ·
537 758 541 765 ’
617 774 620 780 =-
819 794 823 805 ,
1233 763 1243 792 ·.

116 818 297 896 Simplicius,
309 821 397 897 Phil.
409 825 456 883 Dc
475 842 510 885 co
532 840 660 884 narratur
672 862 681 887 ‚
694 822 883 903 interrogasse
893 820 919 878 S.
933 816 1134 901 Augustinum
1145 859 1154 886 ,
1166 814 1244 897 quid

75 904 158 963 Deus
178 920 272 985 ageret
292 921 448 987 antequam
469 904 613 965 mundum
634 898 797 970 conderet.l
815 902 864 961 cui
883 902 910 959 S.
922 900 1045 966 Doctot,
1066 902 1128 976 ejus
1146 898 1243 956 curio·

34 1004 35 1009 ¹
77 984 196 1045 &tatem
216 984 341 1045 irridens
353 1030 359 1055 ‚
372 1004 402 1045 et
421 1006 557 1067 carpens,
576 985 759 1067 respondisse
779 982 905 1053 dicitur,
924 997 996 1041 tunc
1016 980 1112 1038 Deum
1133 979 1167 1035 in
1187 976 1244 1057 syl·

77 1084 113 1124 ta
137 1082 279 1124 versatum
299 1066 380 1149 ligna
400 1067 581 1136 scindendo,
602 1064 708 1149 quibus
734 1064 916 1126 combureret
934 1078 1038 1123 omnes
1065 1067 1245 1121 nostorum

76 1163 195 1206 suorum
217 1146 347 1207 curiosos
368 1150 610 1233 investigatores.

15 1241 22 1255 ··
117 1223 230 1291 Simus,
250 1227 392 1297 Medicus,
413 1231 522 1290 citatus
541 1251 557 1289 a
579 1226 656 1290 Plin.
669 1228 691 1287 l.
704 1224 848 1287 suffert.
861 1225 903 1287 N.
1176 1266 1181 1275 ,

117 1304 235 1366 Sisenna
255 1304 272 1383 (
290 1310 461 1386 neom),
483 1312 579 1379 illst,
599 1326 629 1369 et
649 1311 755 1369 Orator
775 1299 1152 1391 antiquus.Cic.inBruro
1170 1320 1241 1363 eunt

77 1387 198 1456 laudat,
217 1403 356 1469 tanquam
375 1390 450 1451 benc
470 1394 576 1451 Latine
600 1390 788 1450 scribentem.
811 1390 891 1449 Vide
918 1385 1116 1446 nihilominus
1147 1385 1236 1443 verbo

76 1466 177 1547 Rufus
197 1468 231 1532 in
251 1470 290 1529 R.
303 1472 402 1533 Vertit
420 1474 617 1534 in'Latinum
638 1472 789 1555 Aristidis
804 1464 1239 1531 GraecasFabulas.1ta0tid;
1336 1506 1342 1515 ,

76 1548 101 1610 1.
115 1566 144 1610 a.
160 1547 190 1606 1·
187 1550 247 1609 ritt.

248 1630 338 1691 Vertit
356 1630 500 1705 Aristiden
520 1632 639 1693 Sisenna
646 1631 662 1703 ‚'
673 1652 721 1693 nec
741 1629 835 1711 obfuit
850 1630 918 1701 illi,

114 1778 117 1785 ¹
282 1713 430 1773 Historiae
449 1732 543 1791 turpes
562 1715 710 1773 inseruisse
725 1715 824 1795 y’ocos.

76 1792 207 1870 Decius
227 1794 305 1874 stylo
326 1792 489 1866 historico,
509 1814 538 1857 et
560 1797 736 1865 Latinitate,
757 1793 826 1853 ride
846 1793 909 1853 Cic.
919 1793 953 1849 de
965 1789 1048 1867 legib.
1062 1789 1084 1847 l.
1102 1808 1128 1847 r.
1141 1788 1243 1869 Super·

76 1891 148 1933 sunt
169 1875 313 1937 nonnulla
333 1874 466 1935 Sisennae
486 1877 678 1936 Historiarum
698 1872 796 1959 fragm.
807 1874 978 1935 illustratae
995 1868 1240 1931 Riccobono.Ex

74 1954 139 2014 illis
160 1974 294 2026 constat,
316 1976 464 2038 usurpasse
485 1956 577 2021 multa
597 1956 725 2018 obsoleta
740 1954 893 2025 vocabula,
906 1952 1059 2033 dequibus
1083 1949 1150 2010 Gel.
1175 1967 1239 2007 non
1284 1970 1286 1975 ¹

74 2055 139 2095 uno
160 2036 225 2096 loco
244 2038 325 2119 agit:
347 2060 401 2108 ea,
422 2058 451 2098 ct
472 2038 586 2119 phrases
606 2038 735 2113 ejusdem
756 2041 867 2106 citans,
886 2057 921 2096 ac
939 2030 1236 2110 Sisennae-exemplis

73 2116 182 2177 Latina
202 2118 346 2178 nonnulla
365 2164 373 2188 ,
393 2120 429 2179 ab
449 2120 517 2179 aliis
540 2137 659 2187 notata,
684 2116 911 2185 defendens‚ac
924 2133 990 2189 vere
1002 2115 1108 2174 Latina
1118 2130 1179 2173 esse
1189 2112 1246 2170 de:

74 2216 259 2260 monstrans.
269 2200 341 2259 Fuit
352 2192 444 2260 Macri
457 2202 577 2263 amicus,
588 2217 660 2259 teste
673 2201 735 2261 Cic.
742 2200 763 2257 ἱ.
777 2190 802 2257 i.
814 2200 848 2257 de
867 2199 923 2275 leg.
938 2194 1050 2257 Claruit
1061 2193 1153 2273 Syllae
1165 2205 1242 2251 tem·
1333 2199 1335 2202 ’

74 2275 184 2419 ροζίἱξέ
195 2285 277 2357 cujus
295 2300 340 2341 res
360 2282 486 2363 scripsit,
500 2298 599 2342 mente
610 2326 618 2353 ,
630 2300 659 2341 et
679 2280 790 2344 calamo
800 2299 900 2363 parum
913 2276 1014 2363 liberis
1032 2276 1072 2335 ob
1090 2273 1181 2355 Syllae
1193 2290 1242 2354 ty·

72 2377 164 2419 sanni
186 2382 252 2421 ems
411 2368 415 2387 ¹
633 2402 635 2407 ·
668 2394 671 2399 ·
785 2388 788 2395 ·
965 2376 985 2388 “’
1134 2414 1137 2417 ,

120 2434 277 2513 Sisinnt'us,
299 2442 344 2503 vel
363 2441 519 2513 Sicinnius,
540 2439 650 2504 Christ.
676 2442 844 2512 litteratus,
866 2459 989 2526 magnus
1009 2434 1105 2506 Phil..
1126 2435 1172 2495 vit
1195 2433 1244 2494 di·

70 2539 189 2602 scitus.
208 2532 239 2586 et
258 2524 291 2583 in
312 2526 399 2585 sacris
418 2524 526 2585 litteris
545 2527 677 2605 apprime
697 2523 976 2585 eruditus.Floruit
996 2519 1050 2579 sub
1067 2516 1181 2580 Theod.
1197 2531 1237 2575 so·
1318 2527 1322 2534 '

75 2603 181 2672 niore,
201 2606 250 2665 cui
270 2605 365 2666 dicere
385 2605 514 2669 solebat:
534 2605 771 2686 Disceptationes
791 2622 853 2663 non
874 2604 969 2663 solum
994 2597 1150 2660 schismata
1177 2614 1242 2656 nou

76 2683 259 2755 tolltte,sed
281 2687 373 2769 magis
393 2686 429 2747 acl
449 2686 673 2747 contentionem
696 2682 854 2746 haereticos
868 2682 1043 2743 accendere.
1063 2681 1181 2745 lccirco,
1200 2678 1244 2737 ti·

77 2765 187 2831 tandas
200 2812 208 2836 ‚
221 2766 324 2842 aiebat,
346 2768 509 2829 dialecticas
528 2769 750 2846 concessiones,
771 2783 914 2849 testesque
937 2759 1117 2825 adhibendas
1136 2756 1247 2819 foratu·

79 2844 124 2915 las
145 2844 226 2916 fidei,
239 2839 274 2909 ab
299 2844 431 2929 antiquis
451 2848 591 2919 Patribus
604 2849 717 2911 editas.

119 2925 244 2995 Sittius,
260 2930 350 2989 Rom.
372 2928 543 3008 Presbyter,
563 2932 588 2989 S.
606 2933 680 3011 Aug.
703 2928 833 2996 amicus,
859 2946 947 3007 quem
974 2942 1060 2986 suurn
1088 2920 1155 2981 Pela
1174 2918 1242 2982 iani

72 3008 246 3148 jadctabant.
266 3011 387 3093 Scripsit
404 3006 515 3072 contra
526 3010 714 3096 Pelagianos,
727 3027 755 3069 et
777 3009 909 3070 laudatur
929 3026 947 3067 a
964 3007 992 3067 S
1008 3007 1086 3089 Aug.
1098 3004 1134 3063 in
1146 2940 1241 3079 §pisa
1275 3013 1282 3026 ·

73 3109 93 3151 a
136 3108 226 3150 eum.
435 3114 438 3119 ·
1236 3103 1242 3113 ·

410 3210 414 3216 .
451 3199 453 3203 ,
630 3174 684 3233 'SO
787 3208 790 3217 .
1056 3212 1061 3217 .
1114 3200 1117 3203 -
1239 3209 1247 3218 .

119 3241 308 3323 Sosibianus,
329 3254 435 3315 Poeta.
455 3254 502 3313 De
520 3274 556 3313 co
576 3256 663 3315 Mart.
679 3254 726 3312 lib.
745 3248 1017 3329 1.Epigt.inditat,
1038 3248 1133 3330 plnres
1151 3242 1239 3309 uiuo.

70 3332 233 3413 scripsisse,
242 3336 315 3416 quin
327 3334 415 3405 dicat,
424 3334 461 3395 de
481 3352 539 3415 quo
559 3354 731 3419 argumento
742 3378 749 3391 .
761 3334 860 3393 Solum
882 3331 1061 3401 dicit,a'nttr
1078 3330 1144 3399 alia,
1156 3327 1246 3410 pluro

77 3412 212 3473 Carmina
232 3415 411 3475 lucubrasse.
433 3416 497 3476 Alii
518 3438 584 3477 eum
605 3415 781 3476 Sosibianum
802 3413 968 3496 appellant.

121 3493 245 3567 Sotion,
267 3496 344 3557 Phil.
359 3495 572 3580 Pythagoreus,
593 3500 624 3557 L.
640 3497 829 3556 sn-Senecae
851 3494 1004 3633 mggistet,
1022 3492 1076 3573 qui
1102 3490 1133 3552 ei
1158 3489 1240 3562 2qu

83 3594 149 3636 rem
171 3577 250 3636 vitae
270 3575 476 3659 Pythagoricae
496 3578 676 3661 inspirarit.
699 3578 776 3637 Vide
795 3579 861 3636 Sen.
900 3575 967 3651 pist.
989 3595 1058 3646 1⁰9·

101 3669 104 3674 “
125 3655 241 3743 Solinus
262 3659 274 3737 (
294 3661 327 3720 C.
341 3660 442 3738 lul),
463 3660 604 3724 Gramm„
616 3660 704 3718 Rom.
717 3660 824 3727 Poeta,
837 3674 866 3716 ct
885 3657 965 3716 Hist.
976 3652 1094 3735 scripsit
1113 3651 1149 3711 de
1165 3668 1243 3709 mun·

74 3738 108 3798 di
119 3738 293 3797 mirabilibus
301 3740 459 3820 Opus,7o.
472 3743 567 3822 capita
580 3742 754 3820 continens,
767 3736 936 3815 Polyhistor
947 3738 1132 3818 inscriptum,
1143 3732 1242 3792 omni·

77 3820 136 3880 bus
157 3814 216 3879 fere
228 3840 268 3880 et
290 3820 385 3880 Plinii
393 3820 484 3881 Histt.
497 3822 638 3903 sumptis.
650 3822 751 3882 Exstat
771 3817 1027 3903 fragm.d'oetrtstis
1047 3815 1177 3895 ejusdcm
1198 3814 1244 3873 in·

83 3900 229 3981 scriptum
250 3901 406 3971 Ponticos.
427 3904 516 3965 Vixit
535 3921 603 3986 post
622 3893 977 3989 Vespasianum-cisami
995 3921 1011 3964 a
1030 3902 1057 3961 S.
1070 3898 1244 3969 llierou.,et

81 3980 253 4047 Prisciass.
