3317 4817
97 427 140 472 no
158 405 249 484 mains
268 401 402 490 princeps
421 400 496 468 hait.
515 401 642 466 Militari
664 407 772 466 virtute
790 403 894 488 claruit
905 430 919 471 z.
933 425 1075 485 meusim
1094 411 1133 475 ad
1146 353 1251 474 heaf„
1292 412 1301 427 ·

94 490 181 550 rilem
202 489 340 548 omnibus
360 485 528 568 praebebat:
560 484 679 564 judiciis
698 487 816 556 aderat,
837 508 869 548 et
888 482 1018 565 justitiae
1043 509 1163 552 assertor
1184 512 1249 552 erat

96 570 129 628 in
149 571 204 638 iis,
225 589 297 649 quse
316 568 354 628 ad
374 565 482 628 Christ.
502 566 675 650 religionem
705 587 766 647 non
786 569 975 649 spectabant,
995 589 1082 651 quam
1111 589 1191 640 arte,
1211 590 1243 632 et

94 666 159 710 astu
179 668 226 710 ma
246 650 291 718 is,
313 667 398 730 quam
421 646 451 706 ti
471 646 566 708 delere
586 646 739 727 cupiebat,
760 649 829 708 licet
849 662 1037 731 nonflpr'ucos
1057 649 1243 714 Cluistianos

95 740 190 790 morte
208 669 335 790 adstetit
353 727 392 788 ob
412 730 539 808 spretum
566 727 678 786 cultum
698 727 847 790 idolorum
860 771 869 786 .
883 731 967 806 „Ejus
985 732 1119 791 animum
1141 733 1175 790 in
1192 733 1248 792 Ju·

93 810 193 870 stiriae
211 815 317 870 rectam
338 808 626 869 administrationem
646 805 702 867 hoc
722 805 830 868 factum
852 807 994 868 declarat.
1015 806 1172 872 Accusavit
1192 814 1246 874 Cea
1279 835 1290 847 “

93 887 207 971 phitius
226 881 346 971 quidam
366 887 443 970 apud
461 908 529 946 eum
550 887 698 946 latrocinii
710 890 884 949 Numerium
897 931 905 946 .
918 889 1047 972 Negabat
1058 887 1117 962 hie,
1130 887 1248 954 furtum

93 988 160 1029 ase
180 979 323 1051 patratum
335 1012 344 1039 ,
358 987 387 1028 et
407 973 612 1028 Accusatorem
633 966 795 1028 calumniae
817 966 1001 1051 postulabar.
1024 970 1181 1052 Cephisius
1199 966 1244 1032 ac·

83 1063 206 1108 'cusator
224 1069 380 1114 conversus
399 1050 437 1108 ad
456 1048 604 1108 lulianum
626 1048 758 1128 dicebat:
782 1049 856 1126 Quis
868 1094 876 1118 ,
888 1069 907 1107 o
928 1049 1048 1121 Caesar,
1060 1070 1160 1110 notens
1180 1054 1244 1123 erit,

92 1131 118 1187 ri
136 1149 239 1206 negate
262 1127 409 1208 sufficiet!
427 1129 475 1188 eui
502 1128 585 1187 illico
604 1126 754 1198 Julianus,
775 1129 980 1190 innocentiam
1000 1131 1138 1191 Numenii
1157 1152 1244 1214 agno·

93 1229 189 1268 scens:
210 1210 284 1287 Quis
296 1231 334 1280 ,o
356 1208 481 1285 Cephisi,
494 1209 527 1267 in
549 1209 611 1276 uit,
632 1207 759 1268 innocens
779 1210 850 1274 erit,
867 1210 893 1268 si
912 1209 1043 1269 mersare
1063 1207 1244 1288 sufficiatret

92 1291 268 1351 Numerium
289 1290 435 1352 absolvit:
455 1228 651 1348 Morihundus
670 1309 705 1348 ex
726 1289 795 1358 teli,
817 1289 864 1349 rel
882 1290 1006 1372 sagittae
1023 1292 1110 1360 ictu,
1130 1287 1243 1352 annum

96 1387 183 1452 agens
201 1371 305 1432 aetatis
329 1391 372 1446 3¹·
395 1369 506 1452 prolixe
527 1368 573 1429 dis
596 1369 691 1430 utarit
711 1369 747 1429 de
767 1371 948 1450 Animorum
974 1369 1156 1432 sublimitate
1179 1393 1250 1432 cunt

95 1451 217 1520 Prisco,
236 1467 268 1510 et
288 1451 423 1510 Maximo
443 1447 520 1510 Phil.
540 1389 684 1532 ethnicis,
697 1451 725 1509 ei
744 1451 831 1513 caris.
853 1452 901 1515 Ita
918 1451 1068 1532 Eunapius
1087 1453 1122 1510 in
1142 1472 1243 1512 eorum

98 1529 179 1588 Wta:
190 1531 270 1610 quod
282 1533 306 1590 si
319 1531 467 1598 iduerum,
476 1546 537 1589 non
547 1531 647 1596 statim
655 1531 688 1588 in
696 1549 792 1612 pugna
804 1530 951 1595 occubuit,
959 1548 992 1590 ut
1004 1530 1092 1614 uulgo
1102 1531 1244 1592 traditur.

131 1609 266 1670 Julianus
279 1609 295 1684 (
302 1610 448 1683 Salvius),
460 1609 697 1680 iurisconsultus,
707 1604 850 1670 Hadriani
863 1613 1000 1692 Imperat.
1070 1613 1112 1672 tia
1132 1606 1250 1682 florens,

92 1708 125 1746 ac
145 1693 207 1762 ejus
226 1687 546 1750 familiaris.liadtiani
567 1695 645 1766 jussu
665 1689 787 1771 digessit
807 1691 841 1748 in
862 1689 1011 1750 titulosE
1033 1693 1114 1751 'nura
1134 1691 1254 1751 Praeto-
1319 1723 1325 1731 ·

92 1770 172 1836 tiutrr,
195 1771 308 1828 et'it'bb.
320 1769 432 1839 edidit,
443 1789 514 1850 quos
535 1769 718 1846 Digestorum
731 1814 738 1837 ,
759 1769 837 1828 idest
848 1770 1011 1827 Edictotum
1023 1772 1192 1848 digestorum
1203 1773 1253 1830 in·
1286 1779 1288 1783 '

92 1849 208 1928 scripsit
222 1893 230 1917 ,
244 1869 276 1908 ur
297 1850 432 1923 Culucius
451 1847 728 1914 iurisconsultorum
749 1849 909 1909 recentium
930 1846 1014 1927 facile
1035 1853 1190 1931 princeps,
1207 1853 1253 1916 in·

49 1964 56 1986 a
94 1945 286 2008 terpretatur.
321 1929 428 1987 Iuliani
449 1927 534 2006 hujus
554 1945 598 1988 est
618 1927 715 1986 illud:
735 1929 828 1987 Nulla
849 1930 899 1986 lex
925 1946 984 1987 tam
1009 1933 1069 1989 late
1091 1947 1197 2004 patet,
1219 1946 1252 1988 att

92 2011 129 2088 qd
149 2011 241 2075 omitia
265 2011 429 2086 pertingat.
451 2009 587 2086 Ejusdem
609 2024 726 2087 putatur
747 2010 861 2070 dictum
890 2007 985 2070 illud:
1007 2011 1036 2067 si·
1046 2012 1146 2085 pedem
1164 2012 1194 2067 in
1214 2029 1255 2068 se.

86 2088 188 2162 pulcro
209 2087 356 2157 haberem,
377 2090 485 2164 aliquid
506 2087 598 2146 adhuc
618 2103 684 2155 tutte
703 2089 807 2148 discere
827 2088 948 2149 vellem.
968 2090 1052 2149 Avus
1078 2088 1137 2150 fuit
1165 2090 1254 2150 Didii

92 2167 353 2250 Juliani'lmper.,
374 2171 425 2250 qui
447 2185 513 2250 post
534 2169 715 2244 Pertinacem
737 2169 915 2248 imperavit.
1052 2195 1054 2199 ·

133 2247 266 2306 Julianus
280 2250 291 2324 (
304 2250 442 2325 Didius),
454 2249 531 2313 Juris
545 2249 739 2328 peritissimus
754 2271 770 2308 a
783 2249 977 2311 Praetorianis
987 2249 1061 2308 emir
1075 2248 1254 2330 Imperium:
1314 2294 1329 2315 ,.

90 2325 221 2406 obquod
240 2325 298 2387 fnit
310 2331 427 2388 Senatui
443 2333 477 2388 R.
487 2348 588 2409 patum
609 2347 756 2408 acceptus,
772 2346 801 2389 et
829 2330 951 2388 tandem
977 2331 1072 2410 capite
1092 2331 1128 2390 ab
1148 2349 1183 2388 eo
1202 2331 1250 2390 da·

89 2425 228 2475 mnatus,
250 2427 403 2488 postquam
424 2413 541 2470 Severus
561 2409 597 2468 ad
618 2427 738 2490 pontem
760 2408 901 2486 Miltium
922 2429 989 2468 eum
1011 2411 1106 2468 vicit.
1128 2410 1250 2470 Occisus

88 2483 150 2545 fuit
169 2508 185 2546 a
225 2491 333 2572 segario
355 2490 453 2548 milite-
472 2492 506 2548 in
527 2489 636 2569 palatio
658 2504 857 2570 pertimentes
876 2489 950 2550 duos
963 2491 1160 2572 imperii,sn.
1173 2507 1248 2550 aeta

90 2567 131 2626 tis
155 2575 202 2626 60.
241 2587 261 2626 n
281 2570 370 2631 alium
393 2571 539 2630 Fortunae
560 2569 681 2643 ludum.
903 2611 905 2615 -

130 2645 264 2706 Julianus
284 2649 382 2724 (Ant.
395 2650 422 2725 ),
443 2649 572 2730 insignis
591 2652 739 2732 Hispanus
760 2647 891 2720 Rhetor,
907 2667 936 2709 et
949 2651 1086 2718 Criticus,
1106 2647 1248 2710 citatusa
1277 2648 1279 2654 ’

85 2725 156 2785 Gel.
171 2728 195 2785 I.
212 2748 237 2784 r.
248 2747 271 2786 t.
284 2750 313 2798 4
329 2775 336 2798 ,
357 2749 387 2789 cr
406 2730 455 2790 lib.
471 2751 518 2800 ¹9·
532 2749 556 2788 c.
569 2749 595 2800 9.
611 2731 680 2804 tlJN.
690 2728 777 2799 AA..
790 2731 842 2788 ubi
856 2747 952 2788 narrat
963 2729 1189 2788 controversiam
1203 2730 1252 2803 in·

84 2825 132 2865 tet
152 2805 314 2876 Iulianum,
328 2824 359 2868 et
378 2811 522 2870 Graecum
544 2811 707 2872 Asiaticum
729 2809 764 2870 de
786 2811 959 2888 praestantia
981 2810 1156 2866 Graecorum
1177 2809 1246 2866 Poe·

84 2901 207 2956 tarum,
227 2904 258 2947 et
286 2890 477 2948 Latinorum.
501 2891 578 2948 Vide
607 2889 761 2960 Catullus:
782 2887 947 2948 Aedituus:
970 2888 1093 2944 [minius
1122 2888 1157 2944 in
1186 2888 1245 2953 suis

83 2962 215 3032 litteris.
235 2969 281 3028 De
301 2988 335 3028 eo
357 2969 486 3035 siccet..
502 2969 615 3049 publice
633 2975 754 3048 juvenes
774 2969 929 3034 docuisse,
948 2978 979 3027 et
998 2967 1130 3031 florentis
1150 2962 1249 3046 hispa-

83 3063 128 3103 no
149 3064 200 3104 ore
219 3043 379 3118 facundiae,
400 3069 433 3108 ac
454 3065 583 3110 veterum
603 3068 718 3117 rerum,
741 3049 957 3130 litterarumque
979 3047 1105 3128 peritum
1135 3041 1242 3105 finisse.

83 3126 239 3186 Minutius
268 3129 350 3189 Felix
378 3147 519 3197 restatur,
540 3150 607 3189 eum
628 3131 663 3192 de
684 3127 856 3190 iudaeorum
877 3126 1054 3188 infelicitate
1076 3127 1243 3208 scripsisset

82 3204 166 3287 quod
187 3208 271 3286 Opus
292 3207 403 3278 desid,
424 3228 458 3269 ut
477 3212 567 3268 etiam
588 3211 662 3280 alin,
684 3212 765 3290 siqua
786 3210 822 3270 ab
844 3227 879 3269 eo
898 3209 978 3269 edita
998 3205 1137 3269 fuerunt.

124 3285 533 3370 JulianusCapusnusEpiso
543 3291 841 3373 Pelagiani,damnati
884 3305 1002 3348 trorum
1013 3287 1112 3348 orbem
1126 3289 1250 3370 dogna.

80 3365 136 3434 tis,
157 3367 349 3437 instaurator,
367 3371 523 3438 Memorii,
537 3373 668 3452 Capuaui
680 3371 817 3452 Episcopi
872 3371 971 3439 'us·,et
991 3371 1025 3427 in
1039 3370 1245 3448 .Episc.sedem

80 3465 246 3507 successor.
258 3448 329 3508 Fuit
348 3445 439 3508 homo
459 3450 559 3532 lingua
574 3496 581 3520 ,
596 3470 625 3512 et
644 3452 755 3512 calamo
775 3451 916 3518 disertus,
928 3448 978 3510 sed
995 3448 1167 3512 audaciam
1181 3466 1245 3527 pro-

80 3527 164 3586 cacis
185 3528 320 3608 ingenii:
344 3547 461 3608 utpote,
474 3529 527 3610 qui
547 3551 613 3591 cum
635 3533 661 3590 S.
682 3533 923 3614 tegerseensis
943 3529 1087 3588 assistit
1106 3527 1244 3608 ingenio,

81 3625 275 3688 propugnans
295 3611 410 3688 scriptis
429 3611 489 3670 suis
498 3611 610 3692 Pelagii
628 3631 749 3671 errores.
762 3609 872 3668 Iuliani
894 3609 996 3682 scripta
1017 3607 1137 3686 periere.
1149 3609 1255 3684 Super·¹

82 3703 159 3745 sunt
182 3684 275 3750 solum
298 3689 439 3750 nonnulla
459 3686 618 3770 fragmenta
638 3693 672 3751 in
684 3691 827 3772 Operibus
848 3691 875 3747 S.
887 3690 1011 3771 ¹August.
1025 3730 1032 3756 ,
1044 3687 1097 3765 qui
1117 3704 1183 3744 eum
1205 3704 1246 3744 re·

84 3763 210 3834 furavit,
232 3767 394 3844 imperante
406 3771 561 3839 Honorio,
581 3777 663 3848 eujus
682 3772 790 3831 edictis
813 3767 930 3830 fuerunt
949 3766 1098 3848 Pelagiaui
1110 3765 1244 3846 repressi.

129 3845 229 3902 Julius
250 3847 330 3924 (C),
352 3848 468 3908 Aedilis
488 3847 625 3920 Catulis,
645 3868 675 3910 et
695 3857 819 3920 Orator,
840 3850 892 3930 qui
904 3843 961 3907 fere
980 3846 1244 3928 quotidie-accura-

87 3941 137 3986 tas
158 3922 280 3987 habebar
299 3929 474 4017 concinnes.
495 3931 566 3994 nuit
585 3931 782 4004 csudeiissime
800 3925 970 4000 interfectus
989 3945 1120 4006 tempore
1138 3925 1248 4008 Syllani

987 4017 1090 4084 ,μ
