3317 4817
307 399 309 403 ,
657 349 714 408 HE
777 373 780 377 ·
1147 360 1194 412 ,ιθ

100 417 266 562 guilleri
286 423 400 488 dictum
421 425 525 512 legitor
547 427 580 487 in
600 425 742 488 Heracliti
770 425 856 488 Vtra.
878 427 960 488 Idem
984 442 1078 492 nanae
1090 430 1152 492 Cic.
1165 375 1214 489 tid.
1229 439 1260 496 εξ

133 509 224 564 ascul.
295 553 302 566 .

138 507 344 664 Hermogene,
365 591 487 670 Magus,
502 586 547 648 tel
567 588 712 658 iudaeus,
733 577 779 648 rel
799 585 964 659 Ethnicus,
984 611 1001 650 a
1021 589 1163 651 &Iacobo
1183 592 1262 673 Apo·

107 669 187 727 stolo
207 668 317 728 Christi
339 667 395 728 fide
416 669 629 746 Hierosolymis
649 669 796 729 imbutus.

142 747 349 826 Hermogenes,
371 749 609 816 turisconsuttus,
633 747 685 808 sub
706 750 789 808 Alex.
801 751 904 808 Severo
924 751 999 831 Imp.

140 826 346 906 Hermogenes,
367 828 444 888 Phil.
460 870 470 892 ‚
487 831 538 908 qui
569 831 743 895 materiam,
764 850 798 888 ex
819 850 875 909 qua
895 851 1030 912 corporea
1050 831 1150 889 omnia
1166 827 1257 903 fiunt,

97 924 244 976 aeternam
266 906 353 969 fnisse
373 908 595 991 propugnabat,
613 927 714 968 contra
734 929 819 988 quem
843 913 958 988 scripsit
977 912 1097 970 Tertull

137 986 325 1066 Hermogenes
338 1005 352 1058 ,‘
366 991 514 1050 Tarsensis
528 1033 537 1058 ,
549 989 650 1056 tuse,
672 994 750 1065 jussu
771 992 941 1048 Domitiani
961 992 1072 1050 occisus
1093 1008 1207 1070 propter
1227 989 1257 1052 fr·
1317 1016 1320 1022 ·

91 1087 179 1152 guras
206 1069 332 1150 aliquas,
354 1073 422 1138 aius>
434 1071 575 1127 Historiis
592 1089 713 1127 insertas
725 1092 731 1126 :
742 1067 880 1138 librariis,
892 1071 954 1150 ¹qui
974 1091 1019 1129 eas
1039 1070 1256 1151 descripserant,

93 1149 176 1207 cruci
197 1147 307 1210 affixis.
329 1152 374 1208 lta
400 1151 482 1216 Suet,
502 1151 535 1206 in
558 1149 745 1208 Donritiaaor
764 1151 942 1227 cujusmodi
961 1166 1059 1210 essent
1077 1145 1131 1210 hae
1151 1148 1256 1233 figurae

96 1245 164 1287 non
185 1228 284 1291 dicit.
305 1233 367 1290 Hae
387 1228 465 1286 Hirr.
479 1221 570 1288 desid.
1316 1299 1318 1304 .

136 1307 334 1385 Hermogenes,
354 1312 488 1375 Tarsen,
502 1311 581 1376 alter,
603 1310 653 1389 qui
674 1308 727 1369 rub
747 1312 789 1370 M.
799 1308 922 1370 Aurelio
942 1329 988 1368 an.
1012 1310 1115 1370 aetatis
1139 1319 1183 1374 18.
1198 1331 1258 1371 nm·

113 1406 153 1446 no
172 1387 239 1447 cum
262 1393 365 1471 plaustr
373 1389 558 1449 Rhetoricatu
580 1387 754 1458 docebat,ct
774 1410 819 1450 an.
839 1393 1030 1462 aesomnium
1045 1390 1156 1452 oblitus
1175 1387 1250 1450 fuit.

113 1487 141 1527 ta
161 1468 280 1528 Suidas.
571 1472 587 1500 '
838 1536 843 1542 ,
900 1527 905 1534 .

133 1548 391 1626 Hermogeniarus,
414 1569 574 1633 postremus
594 1572 629 1614 ex
651 1551 797 1611 veteribus
817 1550 1036 1612 Iurisconsultis
1069 1551 1139 1612 clari
1158 1551 1256 1611 nomi·

89 1629 149 1694 tris,
166 1630 296 1699 Codicis,
310 1635 359 1712 qui
381 1632 462 1692 abeo
475 1631 713 1707 Hermogeniarus
734 1632 908 1710 appellatur,
929 1633 1066 1692 collector
1086 1629 1158 1690 fuit.
1180 1633 1204 1690 F
1208 1632 1248 1689 lo·

89 1710 155 1767 ruit
174 1711 366 1773 Constantini
385 1714 428 1772 M.
457 1732 552 1779 aero,
575 1730 604 1769 et
627 1711 811 1769 Christianus
841 1709 930 1770 fuisse
962 1711 1114 1770 nonnullis
1134 1710 1254 1769 videtur

91 1805 195 1846 contra
215 1791 375 1857 Grumum,
396 1793 447 1871 qui
471 1793 587 1850 nomini
609 1789 716 1850 Christ.
730 1787 881 1848 infensiss.
900 1809 966 1848 eum
989 1791 1123 1868 putarit.
1144 1792 1180 1847 ln
1204 1787 1255 1846 Co·

90 1869 154 1925 dice
173 1867 396 1948 Hemnogertiarro
414 1872 556 1952 repositae
575 1865 693 1930 fuerunt
714 1869 808 1948 leges,
830 1870 893 1926 sire
914 1870 1144 1928 constitutiones
1165 1869 1253 1926 Rom.

89 1950 254 2028 Imperatr..
264 1973 281 2010 a
292 1953 427 2012 Gallieno
449 1952 484 2010 ad
496 1952 539 2010 Μ.
551 1951 799 2010 Constantinum.
819 1950 916 2021 Huius
935 1947 1044 2006 Codicis
1063 1947 1252 2017 continuatio

86 2045 133 2088 est
155 2029 250 2086 Codex
274 2031 496 2094 Theodosianus.
519 2033 564 2088 De
586 2029 805 2106 Hermogeniano
830 2027 924 2086 rideri
946 2043 1066 2106 possunt
1086 2027 1161 2097 alia,
1180 2023 1252 2107 quae

58 2107 60 2112 '
88 2108 188 2166 edidit
208 2110 361 2171 Catalanus
382 2111 519 2189 Cujacius
539 2111 605 2170 DD.
619 2106 758 2189 Iosephus
778 2107 994 2175 Finestresius,
1015 2126 1044 2166 et
1065 2107 1101 2167 de
1121 2105 1249 2166 Monsal·

87 2207 140 2257 vo,
163 2189 196 2246 in
217 2191 308 2272 Regia
318 2195 433 2252 Cernat.
446 2191 603 2250 Academia
623 2188 792 2250 Cataloniac
816 2190 954 2246 emeritus
974 2187 1051 2245 Juris
1070 2187 1179 2247 Civilis
1191 2186 1256 2245 Pri·

91 2269 204 2326 marius
223 2272 445 2336 Antecessot‚et
465 2271 594 2347 ejusdem
607 2263 790 2348 'Academiae
809 2287 890 2347 saepe
903 2268 1007 2326 Recror
1028 2267 1040 2342 (
1060 2287 1126 2325 cum
1147 2267 1181 2323 in
1203 2267 1246 2326 ri·

90 2349 143 2406 vis
164 2366 236 2408 esset
255 2352 386 2411 amititia
407 2349 506 2418 mihi,
526 2367 554 2410 ct
576 2349 747 2408 Academica
772 2349 914 2406 Societare
931 2347 1213 2419 conjunctissimus,
1231 2346 1247 2423 )

89 2426 126 2485 in
148 2428 313 2488 doctissimis
333 2431 361 2490 ia
381 2423 632 2506 Heimogenianum
656 2427 881 2486 Commentariis.
902 2427 1022 2506 Scripsit
1050 2424 1253 2507 Hermogenia-

94 2527 151 2564 aus
172 2508 363 2582 Epiromarum
383 2513 447 2570 libb.
464 2521 548 2580 6.,et
559 2509 827 2568 deFideicommissis
840 2507 930 2565 alios.
942 2507 985 2564 Ex
997 2503 1102 2588 quibus
1121 2507 1157 2566 in
1175 2505 1250 2564 Pao-
1310 2558 1312 2561 .

91 2588 185 2646 deeris
205 2588 374 2666 Fragmenta
393 2591 545 2674 leguntur.
1098 2645 1101 2649 J
1164 2655 1169 2667 ,
1309 2649 1313 2652 .

130 2666 277 2738 Herodes,
297 2669 413 2730 Atticus
441 2669 565 2736 dictus,
591 2670 646 2728 Vir
675 2667 862 2736 Consularis,
894 2685 1018 2726 amoeno
1046 2668 1191 2751 ingenio,
1214 2683 1245 2726 et

85 2749 193 2808 Attica
211 2745 345 2811 facundia
355 2753 466 2812 Romae
486 2769 594 2829 notus,
614 2751 658 2808 M.
670 2749 785 2808 Aurelii
805 2745 883 2807 Phil.
894 2749 1079 2826 Imperatoris
1095 2749 1242 2826 magister,

83 2822 244 2966 eidemppe
263 2831 346 2891 valde
365 2852 461 2894 carus.
484 2831 663 2910 Vide,quae
682 2829 719 2888 de
738 2849 773 2888 eo
794 2845 887 2886 narrat
908 2825 974 2883 Gel.
986 2825 1033 2882 lib.
1048 2846 1074 2888 7.
1089 2845 1114 2882 e.
1130 2843 1157 2881 a.
1170 2823 1243 2882 NN.

84 2908 172 2968 Vide
218 2912 315 2971 redeas
334 2911 371 2971 in·
387 2911 426 2970 B.
445 2913 491 2972 De
510 2929 545 2970 co
565 2909 659 2970 multa
686 2909 765 2970 Cael.
783 2904 880 2967 Rhod
901 2905 967 2964 lect.
987 2920 1046 2962 ant.
1065 2906 1088 2963 l.
1108 2923 1159 2964 eo.
1177 2922 1239 2983 cap.

88 2997 142 3045 26.
159 3034 169 3056 ,
189 3008 216 3049 tt
240 3011 288 3054 27.
849 3051 853 3059 ,
1061 3054 1064 3060 ,

128 3068 322 3141 Heraclianus,
333 3073 465 3134 Gramm.
475 3068 706 3140 Alexandrinus,
719 3063 796 3130 filius
804 3115 811 3138 ‚
820 3083 850 3128 ct
862 3065 965 3150 discip..
974 3063 1131 3146 Apollonii
1142 3063 1245 3124 Gram-

80 3149 210 3212 matici.
232 3151 345 3212 Floruit
365 3153 417 3213 sub
437 3155 480 3213 M.
495 3153 673 3212 Antonino.
692 3148 868 3231 Scripsitde
889 3147 1094 3215 Grammatico,
1108 3163 1137 3205 et
1158 3144 1238 3204 Vitas

81 3229 172 3289 Rom.
184 3228 325 3305 Imperatr.
340 3254 358 3292 a
376 3231 554 3297 M.'Aurelio
574 3232 608 3290 ad
619 3231 812 3298 Gordiarntm,
834 3244 1010 3308 testumque
1024 3271 1033 3296 ,
1047 3248 1076 3286 se
1095 3226 1129 3292 in
1151 3224 1245 3304 publi·

80 3311 150 3376 cis,
168 3326 197 3369 et
217 3312 338 3391 privatis
358 3311 463 3372 officiis
484 3309 642 3379 versatum,
666 3331 682 3370 a
703 3331 732 3368 se
754 3311 834 3377 visa.
854 3307 1004 3368 etaudita
1024 3324 1218 3366 narraturum.

127 3389 307 3461 Herodorus,
322 3393 522 3452 Grecos-Hirr.
535 3390 733 3452 celeberrimus
746 3434 753 3448 .
766 3393 862 3466 Hujus
869 3387 1032 3467 Hispanam
1047 3384 1241 3451 Versionem,

81 3489 119 3531 ut
143 3471 249 3539 audio,
268 3475 347 3552 typis
365 3471 487 3532 tradidit
508 3471 616 3531 sodalis
633 3470 706 3530 olim
729 3490 808 3552 meus
829 3468 873 3528 ct
893 3465 1110 3526 Bnrholomeus
1132 3464 1242 3524 Potius

82 3549 212 3610 Balearis
232 3553 453 3631 Majoricensis.
474 3553 579 3612 Versio
599 3553 719 3631 antiqua
739 3551 845 3610 Latina
865 3546 958 3607 desid.

130 3629 273 3700 Hersilia,
295 3633 365 3692 clari
385 3632 519 3692 nominis
538 3628 675 3700 foemina,
696 3631 812 3712 ingenii
824 3674 833 3698 ,
845 3644 875 3691 et
893 3623 1001 3687 formae
1021 3623 1174 3707 singularis
1186 3667 1194 3693 ,
1206 3619 1245 3682 al·

81 3729 149 3772 tera
170 3731 204 3768 ex
225 3710 340 3772 Sabinis
359 3709 458 3774 fraude
478 3713 569 3792 raptis
587 3731 605 3769 a
625 3711 726 3790 primis
747 3711 858 3770 Romae
876 3707 1004 3776 incolis,
1024 3723 1054 3764 et
1075 3702 1242 3796 nupta,·rel

78 3787 249 3858 Thalasso,
262 3791 368 3853 illustri
388 3794 526 3854 Romano
548 3789 734 3868 adolescenti,
756 3791 803 3848 vel
822 3785 959 3855 namuro,
980 3787 1090 3850 Romae
1109 3783 1247 3868 condito-

86 3872 119 3930 ri
134 3871 433 3936 erundumdtversas
447 3874 647 3932 Romanorum
654 3870 869 3930 Historicorurn
882 3864 1150 3947 opiniones.Missa
1159 3861 1244 3951 fuito

89 3951 229 4013 Romulo
248 3953 287 4014 ad
304 3957 341 4016 T.
352 3955 475 4018 Tatium
494 3970 646 4014 strenuum
664 3949 836 4028 Sabinorum
863 3950 1049 4032 principem,
1068 3964 1099 4004 et
1118 3946 1246 4040 ducem,
