3317 4817
98 434 231 503 morum,
243 430 428 497 Sabinorum,
439 432 667 502 Oscorum‚tet.
678 430 922 493 coaluisset'eam
940 446 1040 493 autern
1063 428 1149 511 plane
1168 429 1267 492 barba·

96 536 161 575 tam
184 534 246 574 non
266 536 347 575 esse.
373 535 399 573 a.
421 515 493 595 quia
510 515 615 575 Latina
643 512 764 596 lingua,
786 534 842 595 qua
863 512 1019 573 utebantur
1042 512 1138 581 Itali,
1159 511 1267 583 Galli.

95 598 251 677 Hispani,
274 592 342 655 Afri
360 596 394 653 in
414 594 542 663 Serulis,
564 614 636 676 quae
657 592 786 652 Barbara
815 593 996 676 appellantur
1012 638 1021 664 ,
1036 610 1099 653 non
1126 610 1267 653 erasma-

97 678 146 763 gis
167 678 325 737 dissimilis
346 677 483 745 Latinae,
504 696 561 759 qua
583 677 708 759 Augusti
733 693 836 745 aetate,
858 692 887 734 et
909 675 1004 755 paullo
1026 675 1186 757 posteriore
1207 674 1265 733 llo-

98 758 383 827 mani·scr'ibebant,
405 778 491 840 quant
513 776 587 817 esset
609 758 717 839 lingua,
738 776 795 839 qua
816 756 1030 838 loquebantur,
1049 773 1082 815 et
1103 754 1266 816 scribebant
1342 798 1356 821 .

97 842 221 923 antiqui
243 840 400 908 Rotnani,
422 834 467 899 de'
479 838 585 921 quibus
605 838 668 899 Cic.
682 842 745 906 ait,
767 836 842 899 niale
863 840 955 897 latine
975 838 1109 900 locutos.
1128 854 1158 895 et
1177 837 1266 899 Mart.

99 924 252 981 vomuisse
273 920 487 981 Latinitatem:
509 920 582 1002 quin
605 940 754 1002 propterea
774 942 807 979 ea
827 920 925 979 Secula
952 916 1082 976 Barbara
1103 934 1266 988 vocentur,

97 1004 175 1082 quin
196 1005 293 1063 immo
313 1021 329 1061 a
350 1001 504 1061 nonnullis
523 1003 645 1063 criticis
665 1004 742 1061 inter
762 1021 861 1062 aureae
880 1001 983 1060 aetatis
994 999 1151 1080 Scriptores
1168 1015 1266 1057 recen·

97 1100 223 1152 sentur,
245 1084 297 1163 qui
317 1082 580 1163 temporibusillis
601 1082 781 1143 Bmuetunt.
808 1104 833 1161 3.
853 1078 1039 1142 conferantur
1058 1080 1164 1159 scripta
1184 1078 1284 1141 edita·

105 1185 147 1235 5..
172 1173 217 1232 6.,
240 1184 288 1235 a,
311 1172 361 1233 8.,
382 1181 412 1222 et
432 1164 640 1244 posterioribus
666 1166 775 1224 Seculis
793 1182 862 1223 ante
881 1164 1053 1223 instauratas
1071 1161 1184 1219 litteras
1194 1179 1266 1222 cum

99 1244 256 1303 Saliarium
278 1244 465 1315 carminibus,
486 1266 553 1305 cum
575 1245 686 1329 legibus
709 1264 757 1305 12.
769 1244 969 1314 Tabularum,
989 1261 1058 1303 cum
1079 1241 1168 1301 variis
1187 1240 1265 1301 anti·

96 1327 167 1406 quis
187 1325 456 1405 Inscriptionibus,
477 1328 636 1395 Historiis,
658 1327 844 1395 Annalibus,
858 1342 978 1385 veterno
997 1322 1264 1404 inquinatis,quo·

95 1425 164 1464 rum
187 1402 347 1489 fragmenta
368 1426 540 1487 supersunt:
561 1426 591 1467 et
612 1426 716 1467 notum
737 1406 807 1473 liet,
828 1406 879 1466 illa
900 1405 1000 1465 minua
1019 1402 1152 1472 dietam
1173 1419 1262 1482 quam
1343 1437 1350 1450 ·

95 1482 170 1546 haec
184 1508 200 1547 a
213 1487 657 1569 latinitateSeculiCiceroniani
668 1533 674 1547 .
687 1488 736 1549 nd
756 1486 950 1571 intelligenda
960 1484 1054 1547 multa
1067 1485 1174 1565 scripta
1186 1483 1267 1543 Lati·

97 1586 140 1627 na
161 1570 283 1649 antiqua
296 1614 304 1636 ,
316 1586 388 1649 quae
407 1588 476 1629 ante
496 1569 587 1649 Syllae
607 1576 731 1629 aetatem
752 1566 871 1629 metunt
890 1566 1095 1632 edita,doctis
1117 1583 1191 1646 opus
1202 1579 1263 1624 etat

95 1646 328 1729 interpretibus,
341 1666 415 1709 teste
436 1650 628 1728 Quintiliano
650 1650 687 1709 de
706 1670 759 1709 suo
778 1670 852 1711 aero
872 1648 1025 1729 loquente:
1039 1646 1151 1724 Scripta·
1163 1660 1263 1705 autem
1316 1634 1324 1651 ’

96 1730 124 1787 8.
136 1732 245 1788 Leortis
261 1732 361 1809 Papae,
377 1732 403 1789 S.
419 1732 554 1815 Gregorii
568 1732 621 1800 M„
636 1733 661 1793 8.
672 1732 752 1791 Petri
764 1730 947 1813 Cluysologi
958 1731 984 1788 S.
993 1732 1064 1787 Pros
1101 1728 1137 1789 ri,
1147 1724 1268 1793 noetis,

95 1810 288 1879 cassiodori,
309 1813 336 1869 8.
347 1810 454 1871 Isidori
476 1812 658 1891 Hispalensis
671 1812 794 1880 ,Bedae,
805 1809 976 1895 Eghinardi,
997 1807 1068 1868 Paul
1083 1808 1089 1818 '
1112 1806 1262 1874 Diaconi,

95 1906 127 1950 et
148 1890 273 1950 aliorum
295 1889 503 1961 infinitorum,
525 1895 577 1972 qui
603 1892 729 1957 Seculis.
749 1913 822 1973 quae
851 1907 991 1949 vocantur
1011 1887 1141 1945 Barbara
1161 1885 1264 1945 florue-

94 1990 185 2036 runt,
199 1972 280 2031 nullo
300 1971 438 2033 adhibito
456 1975 625 2055 interprete,
644 1974 821 2059 intelligeret
829 1972 1046 2052 Quintilianus,
1066 1968 1093 2027 ri
1111 1966 1264 2027 revivisce·
1309 2023 1317 2037 ,

94 2068 162 2120 ret,
185 2070 214 2111 et
235 2051 428 2114 Christianus·
440 2052 541 2115 fieret.
566 2055 627 2113 Vix
647 2057 729 2115 eninr
752 2056 845 2115 ullum
864 2053 1014 2113 inveniret
1033 2045 1207 2109 rotabulum
1227 2048 1264 2107 in

96 2133 206 2192 multis
226 2154 260 2191 ex
282 2130 348 2203 his,
369 2137 448 2216 quod
469 2156 520 2196 suo
542 2152 673 2215 ternpore
693 2137 726 2195 in
748 2156 800 2197 usu
822 2154 884 2195 non
904 2148 999 2201 esset,
1020 2127 1068 2190 rel
1097 2126 1181 2211 quod
1199 2146 1266 2188 ana-

96 2212 179 2295 logia
200 2210 319 2273 defendi
341 2234 401 2273 non
424 2234 546 2297 posset,
567 2218 628 2276 nisi
646 2236 714 2277 curn
736 2218 773 2277 de
792 2214 877 2277 rebus
895 2210 1104 2275 Ecclesiasticis
1124 2206 1262 2269 Christis·

94 2311 207 2353 norum
220 2296 236 2359 ,‘
247 2315 320 2375 quae
341 2297 459 2375 ignotae
478 2314 561 2357 erant
581 2294 732 2364 Ethnicis,
752 2298 939 2379 loquuntur,
959 2295 1066 2375 quibus
1085 2288 1177 2358 rebus,
1199 2308 1263 2349 non

94 2377 211 2443 minus,
223 2396 310 2455 quant
332 2378 420 2436 novis
438 2378 521 2438 rebus
541 2378 618 2447 aliis,
640 2396 717 2438 nova
737 2377 875 2439 vocabula
887 2371 1187 2438 secundumTulliunr
1208 2370 1265 2429 im·

96 2456 175 2537 poni
195 2456 360 2516 debebant:
374 2458 466 2518 nullas
486 2460 722 2519 constructiones
738 2460 911 2528 inveniret,
931 2477 1004 2540 quae
1016 2450 1179 2515 tolerabiles
1199 2469 1272 2514 noo.

94 2540 182 2596 sint.
206 2539 242 2596 ln
263 2536 311 2596 his
330 2558 393 2597 non
413 2541 561 2599 inveniret
582 2541 740 2625 elegantias
759 2538 1058 2601 aeri-Ciceroniani.
1077 2534 1188 2593 Verum
1215 2551 1273 2602 ne,

94 2638 157 2697 que
178 2618 276 2678 sordes
297 2636 396 2677 notare
413 2640 510 2700 posset
522 2621 681 2701 priscorum
688 2623 868 2702 Scriptorum
879 2618 1177 2681 Romanoruthon
1192 2612 1270 2695 lege-i

92 2717 142 2758 ret
157 2700 190 2756 in
202 2698 278 2763 illis,
289 2718 383 2781 neque
396 2701 429 2759 in
438 2699 623 2763 Scholasticis
643 2704 708 2762 aevi
721 2704 907 2783 postmiotisa
927 2704 960 2762 in
967 2703 995 2760 8.
1002 2694 1145 2757 Anselmo
1156 2712 1263 2774 nempe

93 2782 121 2839 8.
135 2779 303 2849 Bernsrdo,
325 2782 413 2840 Petro
432 2782 611 2851 Lombardo,
633 2783 756 2843 Albetto
773 2784 816 2845 Μ.
829 2786 858 2843 S.
877 2780 1015 2849 Thoma,
1035 2780 1118 2837 ioan.
1138 2773 1261 2835 Salisbu·

92 2860 206 2924 riensi,
226 2880 311 2920 voces
329 2862 423 2922 istas:
442 2860 596 2937 Arnprnaat
609 2911 617 2933 ,
631 2862 1016 2939 nearaprmannaparura
1036 2857 1173 2919 carnisse:
1192 2852 1261 2914 lani

94 2942 241 3008 Caesones,
264 2942 387 2999 Duonos
407 2944 543 3013 Ceruses,
565 2944 677 3005 Deiras
696 2945 783 3003 raras
802 2962 997 3025 veaet.,quae
1016 2940 1051 2999 in
1070 2933 1262 2999 Carminibus

93 3021 253 3082 Saliaribus
273 3023 427 3105 leguntur.
448 3026 509 3085 Nee
530 3045 586 3084 νισι
606 3026 746 3087 narcisus
766 3027 863 3084 rrrarid
884 3024 997 3085 Coasol.
1014 3022 1122 3096 primus
1148 3016 1260 3094 gessit,

94 3120 130 3163 ut
150 3104 185 3161 in
205 3103 344 3163 columna
362 3123 484 3173 rostrata
504 3106 632 3173 Duillii:
655 3126 708 3167 nst
726 3104 772 3165 Sei
785 3105 926 3166 &aronam
944 3102 1050 3182 falmin
1070 3100 1183 3159 οαίεἱτι
1199 3095 1257 3162 Em

94 3203 149 3265 pro
164 3182 240 3239 Earn
254 3203 266 3243 .·
281 3184 363 3243 Eudo
383 3206 436 3266 pro
448 3186 504 3247 In:
517 3188 592 3247 Olor
602 3208 654 3269 pro
663 3188 721 3245 Ille
731 3230 740 3252 ‚
750 3180 829 3247 Ollie
848 3208 901 3267 pto
921 3184 1010 3251 luia,
1029 3201 1060 3243 et
1080 3179 1191 3241 similia
1203 3222 1212 3249 ,
1224 3194 1259 3238 ut

92 3270 130 3323 in
154 3284 201 3325 tt.
212 3264 333 3327 Tabulis
347 3286 396 3335 ,et
414 3269 450 3325 in
471 3271 560 3329 ratiis
580 3268 724 3331 reteribns
745 3265 1055 3349 Inscriptionstrus,et
1076 3262 1189 3324 Libris:
1205 3278 1270 3332 nep¹

92 3344 282 3421 Dacarymar
292 3371 299 3405 ε
311 3348 454 3425 Nocgeum
465 3348 587 3409 :Analoz
612 3351 808 3428 Gaarigaor'r:
827 3370 889 3408 mea
902 3368 1012 3425 puera:
1031 3345 1168 3405 Sorctus:
1190 3339 1260 3397 Mu·

91 3430 151 3485 lier
166 3427 293 3503 quisquis
311 3450 365 3488 as:
385 3429 482 3489 Ficum
503 3450 544 3489 est
563 3450 619 3492 cet.
639 3433 726 3493 utin
747 3433 837 3491 Livio
856 3430 1053 3493 Andronico',
1074 3444 1128 3485 nec
1159 3439 1195 3483 ut
1219 3422 1257 3486 in

92 3504 319 3569 Pontificalibus
339 3511 441 3570 libris:
461 3512 545 3585 lupus
562 3512 665 3591 forta.-
685 3511 732 3570 laic
750 3514 932 3589 ovisragnar
947 3509 1094 3590 soerrriaa:
1107 3503 1253 3563 Porricior

91 3590 242 3662 lrnpetrios
254 3590 416 3667 Tripodiam
437 3588 635 3655 Solisrr'rrram:
653 3592 798 3666 Simpulrrs
812 3613 825 3653 r
837 3612 890 3653 nec
909 3610 944 3652 ut
961 3593 996 3650 in
1018 3589 1147 3650 Naevio:
1174 3577 1278 3645 Vrsae

92 3670 155 3727 bo:
176 3668 295 3728 Docebo
316 3692 368 3752 pro
395 3673 522 3733 Vivam:
542 3676 673 3735 Dicam:
692 3673 990 3736 Sardare:.Rrrtaba.·
1008 3690 1072 3735 nec»
1092 3684 1126 3728 ut
1145 3668 1179 3725 in
1198 3664 1276 3726 CN.

91 3749 190 3808 Gellii
210 3752 392 3812 Annalibus:
412 3754 562 3814 Barrabas
582 3756 745 3820 Puerabus,
758 3748 1257 3819 oraaswrstrabuazpanaaus:

93 3830 201 3888 Orsum
214 3851 226 3890 r
239 3852 308 3897 nec,
328 3852 363 3893 ut
383 3837 415 3893 in
438 3838 713 3915 Pacuvio-Certior
735 3856 786 3919 pro
806 3854 912 3895 cerrum
932 3835 1040 3895 reatae
1060 3830 1183 3898 Mrem,
1201 3848 1272 3897 as,.

92 3931 143 3969 are
166 3930 220 3991 pro
240 3914 399 3992 Conrrirro,
410 3936 444 3974 as
457 3937 470 3977 r
484 3915 621 3983 Adirator,
630 3922 687 3977 aris
697 3906 759 3998 'pro
771 3916 888 3993 Adjuvo
899 3959 908 3982 ,
921 3936 955 3973 as
967 3934 980 3975 .·
990 3913 1118 3990 Arrepto
1137 3929 1191 3991 pto
1200 3923 1277 3975 Aa.
1299 3930 1306 3937 ’

94 4010 222 4070 cepero:
235 4008 298 4061 nec,
317 4012 352 4058 ut
371 3998 406 4057 in
426 3998 536 4061 Attio:
546 4000 891 4082 Celebrescojsselcraater
903 4021 912 4058 ι
924 3993 1261 4078 Magaieareliapcrpaa
