3317 4817
772 308 787 335 Ι

453 359 496 434 ri
968 364 1036 425 PR·

450 439 640 500 Praeconinus
659 442 671 520 (
692 444 725 514 L,
739 440 801 502 nel.
816 441 898 503 Stolo
918 439 954 518 i,
975 444 1133 515 Gramm.{
1152 456 1183 505 et
1214 449 1319 511 orator
1352 440 1504 529 egregius,
1526 440 1575 526 qui

412 520 561 581 Orationes
581 524 617 583 ad
638 526 767 603 cujusvis
786 542 919 606 rogatum
940 524 1123 590 lucubrabat.
1137 528 1251 587 Comes·
1264 524 1366 586 fuitin
1387 526 1494 595 exsilio
1514 528 1575 587 Mc·

413 602 477 663 telli
498 603 661 670 Numidici,
682 607 730 664 cui
751 606 834 665 valde
853 624 934 666 carus
954 625 1033 666 erat.
1056 608 1084 666 ls
1103 603 1162 667 fuit
1185 610 1218 669 P.
1240 608 1303 667 Ter}
1329 607 1470 667 Varronis
1490 608 1575 690 magi·

411 700 479 753 ster,
500 702 562 742 non
575 684 707 754 laelius,
730 705 762 744 ut
785 687 871 747 multi
892 688 1088 757 arbitrantur,
1110 688 1228 769 decepti
1249 708 1265 748 a
1285 686 1433 761 librariis,
1456 686 1503 745 vel
1532 704 1577 766 ty·

356 821 359 826 ⁴
411 760 584 844 pographis,
605 765 656 847 qui
678 776 853 848 praenomen
874 768 994 838 Luscius,
1017 789 1065 850 per
1086 769 1179 829 solum
1203 769 1236 827 L.
1251 770 1502 851 signatum.tum
1525 786 1576 825 no·-

408 845 492 903 mine
512 844 615 903 Aelius
636 862 781 930 perperam
803 853 992 925 munerario
1013 849 1168 909 ¹nonnullis
1179 849 1400 929 exemplaribus,
1417 866 1469 928 pro
1480 846 1572 919 ⁴Stolo,
1652 918 1653 925 ἵ

409 924 503 1001 Styla'
516 924 645 1008 legitur,
666 945 694 988 et
722 928 892 989 Praetorius
922 952 973 1015 pro
993 930 1201 998 Praeconinus,
1218 950 1255 991 ex
1275 952 1333 1014 quo
1365 931 1459 991 oritur
1478 924 1574 991 conf!-

413 1006 481 1066 rio.
502 1007 581 1068 vide
600 1010 676 1069 Suet.
687 1011 721 1070 de
741 1008 791 1070 lli.
806 1012 929 1073 Gratum.
987 1036 992 1047 ·

426 1094 431 1101 “
762 1139 764 1142 -
873 1094 1056 1155 corollarium
1078 1094 1119 1155 Χ.

439 1168 643 1250 ‘Praefectura
668 1174 810 1255 praetoria
837 1194 895 1235 erar
924 1176 1168 1236 extraordinarius
1188 1176 1396 1259 Magistratus,
1418 1171 1571 1254 proximus

413 1251 547 1333 Principi
567 1255 691 1335 gradus,
712 1274 741 1315 et
763 1258 846 1338 Aper
868 1258 1003 1317 omnium
1025 1260 1250 1338 Magistratuum
1265 1302 1271 1313 .
1285 1258 1388 1333 Genus
1399 1273 1490 1313 omne
1503 1254 1568 1313 ani·

408 1333 622 1393 madversionis
640 1338 674 1394 in
695 1338 912 1419 sontes·Praef.
920 1358 962 1413 pr.
975 1337 1119 1399 babebat.
1139 1339 1185 1396 De
1205 1340 1330 1411 Traiano
1353 1351 1483 1395 narratur
1497 1378 1506 1405 ,
1520 1333 1574 1393 hac
1646 1369 1649 1382 ‹

408 1409 534 1490 formula
542 1434 636 1485 usum,
644 1436 711 1477 cum
721 1416 866 1479 Praefecto
875 1436 963 1501 praet.
976 1420 1105 1505 gladium
1116 1420 1256 1478 traderet:
1269 1416 1333 1475 Hoc
1345 1432 1421 1474 urere
1437 1434 1491 1489 pro
1512 1434 1571 1479 me..
1652 1416 1653 1425 ’

310 1555 311 1558 ,
408 1494 435 1552 si
451 1494 657 1554 bertetcontra
676 1518 719 1555 me
738 1515 854 1569 autent,
874 1501 897 1557 si
917 1501 991 1559 male
1010 1500 1194 1575 imperavere.
1215 1495 1409 1577 Symmachus
1429 1498 1463 1553 in
1485 1494 1572 1554 altera

411 1594 448 1633 ex
469 1575 529 1633 suis
548 1574 834 1649 EpirenPreeroriern
856 1578 1066 1659 Praefecturam
1088 1580 1360 1657 tocatPonrificiom
1377 1576 1509 1638 litterarii
1529 1574 1573 1633 lto·

378 1701 393 1730 ι,
408 1654 508 1713 nous.
537 1655 585 1714 nd
605 1676 672 1717 eum
699 1680 804 1721 omnes
834 1681 946 1721 caussae
975 1661 1092 1740 majoris
1118 1662 1265 1720 momenti
1294 1656 1572 1717 revocabanturztt

357 1754 360 1760 ·
382 1732 392 1742 ”
406 1735 447 1794 ob
467 1732 547 1806 hoc,
567 1757 599 1795 ac
621 1740 734 1810 etiam,
756 1743 793 1802 ad
820 1741 1011 1801 minuendam
1040 1743 1128 1802 unius
1156 1742 1377 1807 auctoritatem,
1400 1739 1574 1797 Constanti·

371 1891 373 1896 Ι
409 1835 464 1875 nus
484 1818 527 1877 M.
553 1821 662 1878 creavit
691 1820 792 1902 plures
817 1819 917 1883 Praeff.
943 1840 1031 1903 praet.
1063 1842 1154 1881 unum
1181 1819 1571 1897 ltaliae,aliurn1llyrici,

407 1897 529 1956 alterum
556 1898 739 1971 Galliarum,
761 1920 791 1962 et
809 1904 1017 1983 Hispaniarum
1037 1948 1045 1972 ,
1064 1922 1097 1963 at
1127 1904 1261 1962 Orientis
1290 1900 1437 1960 alterum.
1466 1901 1571 1959 Curam

407 1998 477 2037 sero
497 1978 631 2048 Aerarii,
652 1999 681 2040 et
702 1984 953 2045 Praetorianorum
976 1984 1108 2044 militum
1128 1983 1195 2044 aliis
1213 1980 1368 2043 attribuit.
1390 1978 1470 2038 Vide
1483 1980 1570 2037 Aila-

407 2060 474 2118 ta'us
492 2060 527 2117 in
546 2057 585 2115 A.
606 2060 750 2122 Adaeus.
1248 2136 1249 2141 ἵ

447 2138 686 2218 Praetextatus(
705 2146 825 2205 vectius
847 2147 1024 2233 ligorius),
1047 2148 1092 2208 tit
1113 2148 1281 2215 litteratus,
1302 2144 1373 2205 alter
1392 2162 1428 2202 ex
1450 2141 1571 2201 Interlo·

325 2260 328 2267 -
407 2217 557 2280 tutoribus
577 2221 611 2279 in
632 2224 775 2286 Macrobii
795 2228 1042 2290 aeturnuxstme
1063 2230 1205 2289 nonnulla
1227 2232 1288 2307 ejus
1308 2226 1438 2285 carmina
1458 2224 1495 2283 in
1515 2222 1572 2285 lau·

408 2302 477 2361 dem
504 2301 653 2366 Paullinae
673 2307 792 2380 uxoris,
815 2328 923 2390 praeter
944 2310 999 2369 alia
1019 2330 1090 2390 quae
1111 2308 1228 2393 collegit
1249 2311 1448 2367 Burmannus.

857 2390 1040 2451 Corollarium
1063 2389 1119 2447 XI.

446 2464 603 2532 Paternus,
622 2466 688 2527 bini
710 2470 821 2532 Romae
842 2488 939 2540 erant,
961 2489 1035 2531 unus
1056 2470 1190 2530 Urbanus
1207 2516 1214 2539 ,
1230 2469 1400 2550 Peregrinus
1421 2466 1569 2527 alter.Ad

408 2542 463 2604 bos
475 2546 622 2628 spectabat
631 2552 676 2624 jus
688 2550 783 2611 dicere
792 2552 843 2610 :ad
856 2549 1016 2622 Urbanum,
1029 2551 1143 2611 civibus
1151 2552 1295 2611 Romanis
1305 2570 1311 2607 :
1322 2550 1358 2607 ad
1370 2550 1567 2632 Peregrinum,

408 2629 587 2707 peregrinis.
608 2630 757 2710 Spectabat
777 2634 866 2691 etiam
888 2632 925 2692 ad
946 2654 995 2692 eos
1024 2635 1127 2691 Edicta
1161 2632 1327 2699 Praetoria,
1347 2649 1421 2769 guae
1451 2646 1570 2712 magnae

412 2709 595 2767 incestitatis
616 2710 706 2780 crant,
726 2731 917 2793 componere,
930 2730 963 2772 ut
983 2715 1017 2771 in
1037 2712 1147 2772 tabulas
1169 2712 1297 2793 publicas
1317 2729 1345 2768 re
1375 2726 1507 2770 crentur.
1528 2711 1571 2768 Ex

405 2806 466 2925 pro
486 2788 674 2874 intelligitur,
695 2812 764 2863 eos,
785 2812 814 2853 er
835 2796 993 2861 Oratores,
1015 2810 1044 2852 et
1063 2792 1289 2853 iurisconsultus
1308 2792 1442 2873 insignes
1462 2788 1570 2850 fuisse.

432 2885 574 2927 raetorum
595 2872 725 2955 dignitas
746 2876 879 2954 proxima
900 2892 958 2933 erat
980 2874 1150 2943 Consulari,
1171 2892 1202 2933 et
1222 2876 1299 2933 vices
1318 2871 1474 2931 consulum
1496 2890 1573 2954 gere·

405 2946 476 3008 bant
497 2951 531 3007 in
542 2951 620 3010 Urbe
641 2956 803 3026 Praetores,
825 2976 891 3031 cum
913 2950 1054 3016 Consules
1074 2954 1109 3019 ad
1130 2954 1203 3014 bella
1226 2951 1501 3035 proficiscebantur.
1522 2954 1573 3011 Li·

403 3046 496 3089 ctores
518 3026 678 3093 lambebat
699 3037 833 3107 Praetor,
856 3051 889 3095 ut
909 3036 1020 3097 Consul
1046 3055 1090 3094 12.
1108 3037 1275 3095 Praetorum
1293 3052 1437 3095 numerus
1457 3032 1497 3091 ob
1516 3050 1575 3091 ne·

409 3110 561 3192 gotiotiem
578 3112 818 3185 multitudinem,
841 3136 972 3197 processu
994 3118 1144 3197 temporis,
1165 3134 1264 3175 auctus
1284 3111 1342 3173 fuit
1362 3112 1398 3173 ab
1414 3115 1574 3195 Imperato-

403 3188 506 3249 ribus.
528 3188 591 3268 Qui
613 3191 668 3253 hoe
687 3214 807 3255 munere
829 3194 973 3277 perfuncu
994 3194 1122 3261 fuerant,¹
1139 3198 1195 3254 tiri
1216 3193 1357 3256 Praetorii
1377 3194 1571 3255 dicebantur.
1650 3244 1651 3247 ,

406 3270 485 3329 Vide
501 3270 662 3353 Scriptores
681 3276 719 3334 de
740 3278 827 3337 Rom.
850 3275 1278 3361 Magistratibu'aMajoribus,
1300 3274 1496 3343 Minoribus,
1516 3274 1575 3333 Or·
1650 3322 1651 3349 ,

402 3348 526 3411 dinariis
524 3396 548 3428 2
569 3354 721 3427 E‘xtraotd.
735 3358 816 3417 Inter
836 3378 908 3438 quos
929 3360 1080 3438 scriptores
1094 3399 1101 3421 .
1113 3358 1214 3417 Petrus
1226 3358 1352 3439 Magnus
1364 3398 1374 3423 ,
1388 3358 1559 3435 Nieupoort
1567 3398 1575 3425 ,
1650 3368 1651 3379 ¹

400 3433 533 3493 Gravius
556 3434 609 3494 alii
631 3452 819 3498 numerantur
833 3439 1027 3497 Praetutiani
1042 3438 1158 3497 Milites
1170 3436 1341 3497 dicebantur
1355 3439 1428 3516 ,qui
1441 3438 1476 3494 in
1489 3438 1574 3495 Prae·

398 3514 494 3583 torio,
518 3534 567 3575 seu
587 3515 652 3575 aula
668 3516 734 3585 ,sel
753 3520 1116 3612 tentorio'lmperaroris,
1137 3517 1271 3577 excubias
1291 3516 1435 3601 agebant,
1456 3522 1575 3593 atejus

397 3595 547 3667 saturitati
560 3596 626 3656 invi
647 3596 758 3657 ilabant
772 3640 780 3663 ‚
795 3595 862 3658 r'am
881 3599 1084 3680 dom1‚quam
1106 3600 1139 3657 in
1161 3599 1258 3657 bellis.
1648 3656 1649 3663 ,

392 3695 396 3700 ·
435 3676 603 3734 «Praetorius
623 3617 646 3754 i
644 3680 679 3738 M
684 3680 721 3755 ),
743 3679 876 3750 Orator,
895 3696 925 3740 et
945 3696 1090 3741 aecusator
1111 3682 1154 3740 M.
1165 3679 1303 3751 Fonteii,
1323 3698 1340 3739 a
1360 3678 1424 3740 Cic.
1437 3675 1574 3740 defensi.

397 3754 472 3832 Ejus
494 3756 543 3813 Or.
564 3756 657 3818 desid.

439 3834 589 3893 Primanus
609 3836 627 3912 (
644 3841 676 3899 L.
692 3838 756 3922 Mal.
772 3838 804 3915 ),
818 3836 955 3927 liberor,
977 3858 1151 3902 memoratus
1172 3861 1188 3900 a
1209 3844 1284 3902 Suet.
1304 3840 1380 3900 inter
1410 3840 1457 3903 Cl.
1472 3838 1571 3903 Rbet.

395 3913 484 4005 Illum
505 3917 539 3974 in
559 3918 761 4001 fragmentis.
779 3940 852 4001 quae
871 3942 907 3981 ex
920 3924 1016 4003 Op'ere
1036 3924 1070 3981 ele
1091 3920 1236 4003 ClKther.
1251 3942 1283 3981 su
1305 3920 1571 3994 essunt,tolloeat

400 4010 479 4059 tutet
499 3995 923 4082 Quirinalem‚·etUrsulum.
944 4003 1149 4065 allatisuudis
1169 4003 1289 4065 nomini
1354 4045 1362 4063 .
1397 4032 1401 4041 ’

403 4249 418 4277 0
