3317 4817
67 457 68 460 ’
99 440 224 533 llespub.
238 448 448 520 detrimentum
467 465 597 542 caperer.
617 381 815 546 Ablddtiqdis
835 421 1254 567 nomnspopnnndgdrer

91 532 273 596 uniebatur.¹
286 538 333 598 lta
354 539 463 610 Varro,
485 560 514 600 et
533 543 621 604 Titus
640 544 758 609 Livius.
776 547 1083 633 Eligebancusautenr
1117 563 1183 624 Viri
1202 567 1254 625 do·

97 615 213 683 ctrina,
233 633 263 676 et
284 617 406 678 militari
427 639 486 682 arte
506 621 590 692 clari,
608 623 659 704 qui
681 627 831 710 praecipua
851 632 884 690 iu
905 635 978 773 Rrp
987 641 1089 698 munia
1100 642 1250 706 obierant.
1363 648 1365 652 ’

911 734 923 773 ι

137 695 294 772 Didymus,
308 699 439 760 Gramm.
452 701 594 763 Alexand.
607 705 849 808 lenttitposs
861 713 903 774 ob·
926 734 945 772 n
959 716 1096 800 atigabile
1107 724 1249 805 studium,

59 791 62 796 “
97 780 209 856 dietus,
232 787 342 849 Rornae
361 790 478 860 docuit,
491 813 520 856 et
540 797 710 866 innumeros
731 807 819 870 libros
833 849 841 874 ,
853 810 1063 894 plerossqssesde
1082 815 1165 877 reblss
1185 810 1252 876 imi·

95 861 200 926 tilibus
220 867 336 932 edidit.
358 873 407 931 Ad
427 896 515 946 4000.
530 899 662 945 numerat
682 889 746 946 Sen.
762 890 855 967 Epist.
867 905 938 961 89„
960 893 1012 952 ubi
1032 897 1151 956 inutilia
1173 918 1249 958 non-

94 945 174 1004 nulla
194 945 229 1004 in
249 948 309 1010 illis
330 968 447 1014 tractata
467 957 595 1030 indicat.
610 967 901 1031 Fuit'salsamentarii
914 969 998 1043 filius,
1013 976 1146 1056 vixitque
1159 987 1248 1060 usque

92 1023 130 1082 ad
148 1026 225 1108 Aug.
238 1045 382 1099 aetatem.
404 1029 449 1094 De'
469 1057 504 1096 eo
524 1060 634 1122 praeter
653 1049 716 1108 Sen.
726 1053 867 1120 meminit
878 1052 985 1130 Quint.
997 1056 1018 1112 l.
1032 1077 1074 1126 r.,
1085 1059 1135 1119 ubi
1147 1060 1182 1118 de
1194 1061 1248 1120 Or·

92 1103 355 1188 thograpkiaAEjus
374 1111 485 1192 Scripta
504 1123 541 1181 ad
561 1117 614 1184 nos
636 1131 697 1187 non
717 1127 834 1212 pernen.
845 1134 915 1192 Fuit
927 1127 1072 1211 Didymus
1083 1138 1154 1198 alter
1166 1141 1246 1202 ‘Poe-

92 1200 120 1244 ta
133 1204 194 1252 ,et
216 1189 343 1249 Neronis
361 1196 492 1266 Musieus
511 1201 638 1288 insignis
658 1229 767 1290 praeter
787 1211 861 1274 alios
880 1214 1006 1275 incertae
1025 1220 1143 1278 aetatis.

132 1260 297 1342 Didymus,
309 1269 419 1336 Ductor
439 1279 633 1352 Christianus,
653 1291 792 1374 Origenis
811 1293 935 1364 auditor,
947 1295 984 1355 ab
993 1317 1039 1356 an.
1049 1321 1076 1372 ς,
1090 1302 1191 1362 aetatis
1204 1302 1247 1364 lu·

91 1344 225 1406 minibus
245 1348 381 1412 o'rbatus.
402 1357 477 1420 lium
498 1367 668 1450 magistrum
688 1369 792 1434 habete
812 1374 907 1453 voluit
926 1379 952 1435 8.
964 1379 1127 1461 Hier.,qui
1149 1383 1247 1461 Didy·

89 1443 163 1483 mum
177 1428 312 1488 uidentem
333 1434 371 1493 ob
391 1457 530 1524 magnum
551 1467 636 1508 suum
657 1453 870 1535 ingenium‚et
889 1455 1053 1519 doctrinam
1067 1462 1243 1543 appellabat.

88 1502 206 1568 Scholae
226 1510 441 1580 Alexandrinae
461 1542 528 1605 post
540 1523 629 1614 orig.
643 1530 788 1613 praefuit,
809 1536 948 1620 Origenis
967 1540 1129 1613 erroribus·
1151 1547 1242 1626 Prius·

89 1606 176 1666 quam
198 1587 423 1670 damnarentur,
444 1603 594 1668 imbutus.
609 1615 636 1672 S.
649 1616 942 1679 Antonius-Meum
963 1622 1156 1684 Alexandriae
1175 1631 1246 1686 don:

93 1669 264 1728 eionantem
284 1675 422 1749 audiena,
443 1683 564 1747 Beatum
584 1693 969 1782 appellavit‚eumdemque
988 1703 1095 1765 solatus
1113 1721 1245 1769 eentum

91 1765 255 1827 quereretur
268 1752 305 1812 de
315 1775 364 1815 sua
373 1764 512 1825 caecitate
520 1787 527 1825 r
536 1769 658 1850 Didymi
664 1775 774 1856 Scripta
785 1779 819 1837 in
827 1781 890 1842 Lat.
899 1799 977 1840 rusa
985 1801 1046 1842 non
1054 1803 1142 1864 pauca
1151 1787 1246 1848 desid.

128 1825 331 1914 Diocletianus
342 1835 485 1922 (valen),
498 1849 602 1930 impet.
617 1855 794 1927 litterarum,
809 1878 840 1918 ac
851 1860 1044 1922 litteratorum
1057 1864 1174 1927 Etltnic.
1188 1864 1247 1928 fan·

86 1924 151 1976 tot,
174 1927 204 1970 et
226 1911 459 1983 Christianorum
482 1925 621 1994 barbarus·
635 1936 812 2009 insectator,
832 1940 947 2001 Salonis
966 1945 998 2002 in
1019 1945 1168 2009 Dalmatia
1195 1967 1246 2009 na·

84 1991 196 2050 tus.1n
211 1989 332 2056 thermis
353 2003 417 2062 suis·
433 2005 571 2072 biblioth.
579 2021 760 2079 construxit.
782 2022 911 2102 Imperio
931 2043 961 2082 se
981 2024 1137 2096 abdicarit,
1150 2044 1183 2088 ut
1204 2031 1248 2089 vi·

84 2085 147 2128 tam
162 2071 302 2150 privatam
324 2099 428 2164 ageret,
441 2103 550 2150 nornen
565 2093 865 2179 Philosophi,omnia
877 2103 1075 2184 despicientis,
1090 2105 1247 2172 affectans.

21 2205 24 2210 ,
87 2151 168 2208 Vide
189 2154 353 2233 Vopiscum
370 2163 405 2222 in
418 2167 591 2233 Aureliano.
604 2179 761 2258 Supersunt
775 2183 986 2264 inscriptiones
1004 2188 1135 2268 aliquae,
1149 2208 1179 2248 et
1190 2193 1246 2252 ne.

85 2231 194 2311 scripta
213 2235 291 2295 Dioc
304 2257 363 2310 et,
382 2265 456 2326 quae
476 2256 538 2331 ejus
557 2257 661 2316 odium
681 2261 713 2318 in
735 2259 844 2321 Christ.
857 2265 1023 2328 declarant.
1045 2272 1082 2327 ln
1110 2289 1167 2330 una
1187 2276 1244 2332 Ae·

86 2329 180 2394 gypro
203 2313 341 2378 dicuntur
361 2329 422 2402 ejus
440 2334 521 2408 jussu
545 2355 610 2409 144.
625 2339 719 2399 millia
738 2339 975 2408 Christianorum
995 2350 1104 2419 occisa,
1126 2367 1155 2409 et
1176 2373 1243 2426 700.

84 2390 186 2451 millia
204 2412 265 2455 acra
278 2399 311 2457 in
323 2405 460 2468 exsilium
471 2415 557 2474 .Fuit
577 2419 812 2500 superbissimus,
824 2442 854 2484 et
867 2426 968 2488 Ionius
982 2430 1077 2489 voluit
1089 2433 1241 2514 appellari,

86 2490 139 2532 seu
161 2474 244 2534 Jovis
271 2475 366 2542 filius.
400 2490 476 2560 Cum
498 2496 611 2576 Aprum
634 2497 724 2560 Praei.
745 2523 787 2584 pr.
810 2525 901 2567 manu
921 2529 970 2570 aua
990 2511 1120 2581 occidit,
1141 2515 1243 2575 dixit:

86 2551 333 2634 GloriarrAper:
355 2565 469 2629 Aeneae
488 2580 583 2654 magni
603 2580 703 2639 dextra
723 2585 815 2648 caelis.
829 2589 988 2669 Imwavit
1001 2610 1069 2652 ann.
1083 2614 1130 2653 ao.

130 2631 296 2708 Diodoms,
317 2646 444 2719 Siculus,
458 2653 571 2716 Histor.
594 2659 723 2743 insignis
742 2665 795 2725 sub
816 2668 863 2727 Jul
875 2671 1006 2741 Caea.,et
1019 2674 1168 2756 Augusto.
1183 2677 1242 2736 tto·

65 2725 68 2730 '
84 2733 153 2774 ntae
182 2719 296 2798 scripsit
317 2723 434 2786 Bibliot.
446 2751 526 2794 suam
541 2737 714 2799 Historicam
727 2745 835 2806 Graece
847 2770 896 2818 40.
908 2752 948 2808 lib
966 2772 1126 2832 .‚quorum
1141 2756 1237 2817 solum

86 2813 135 2868 15.
158 2790 313 2860 habemus.
334 2807 368 2864 C.
390 2811 468 2870 Plin.
490 2818 637 2880 Secundus
657 2841 723 2882 eum
745 2824 898 2895 laudat,et
911 2834 1173 2907 'eaeteris'Graecis
1188 2839 1242 2896 Hi-

83 2889 156 2936 stor.
171 2876 206 2936 in
226 2885 379 2946 nonnullis
398 2891 541 2971 praefert.
563 2901 666 2960 Verrio
686 2907 748 2964 Lat.
759 2905 934 2980 confestim,
948 2931 981 2973 ut
1001 2911 1141 2980 arbitror,
1154 2913 1237 2988 facta,

81 2954 197 3095 desiqa
208 2977 284 3101 quapi
290 2963 405 3058 legitur
424 2991 538 3051 recens,
550 2981 662 3066 integra
683 3003 745 3044 non
766 3007 823 3060 est,
836 2990 882 3049 uti
894 3009 988 3076 neque
1000 2988 1137 3055 Bibliotlt.
1149 2996 1238 3057 Grae·

81 3054 116 3094 ca
138 3055 155 3096 a
196 3057 231 3098 eo
250 3061 265 3100 e
286 3062 347 3106 ita.

118 3116 285 3188 Diodorus,
304 3129 419 3208 Epicur.
434 3135 528 3208 Phil,
551 3142 607 3203 sibi
628 3147 724 3230 gulam
746 3111 907 3231 praecidit:
956 3126 997 3217 od
1016 3155 1124 3222 factum
1139 3179 1234 3244 perpe·

73 3215 138 3256 ram
160 3198 290 3264 laudatur
309 3229 325 3266 a
345 3213 409 3277 Sen.
431 3219 466 3278 de
495 3219 559 3280 Vita
580 3225 662 3285 beata
683 3248 706 3288 c.
730 3252 796 3303 19.,
818 3233 870 3294 ubi
898 3236 909 3294 i
934 3258 984 3300 um
1004 3241 1114 3300 beatum
1134 3244 1230 3325 appel·
1322 3262 1324 3265 ’

72 3276 114 3338 lat
134 3322 144 3344 ,
163 3297 195 3339 ac
215 3283 334 3362 plentttit
355 3291 431 3357 bona
451 3304 648 3367 conscientia.

112 3357 279 3455 Diodorus,
299 3368 431 3448 Rhetor,
453 3383 565 3444 Metelli
590 3391 714 3470 Nepotis
735 3395 890 3478 magister.
911 3400 1069 3473 Metellus,
1090 3404 1170 3479 ejus,
1186 3405 1229 3464 vi·

70 3455 101 3498 ta
123 3435 242 3510 functi,
262 3451 413 3530 sepulchro
433 3463 528 3544 sculpi
546 3485 675 3529 cottum·
687 3475 798 3549 jussit,
819 3495 906 3558 quem
927 3500 995 3540 cum
1017 3484 1127 3544 rideret
1147 3487 1230 3546 Cice·

69 3537 114 3588 ro,
129 3519 211 3580 dixit
221 3547 228 3582 t
240 3526 324 3587 Iusta
345 3538 487 3598 retributio
504 3541 587 3620 facta
609 3566 670 3610 est:
684 3552 839 3613 Metellum
860 3560 931 3619 enim
942 3562 1142 3623 uolaredocuit
1156 3613 1163 3636 ,
1178 3586 1232 3625 nott

68 3619 174 3659 orare.
189 3603 384 3694 Eratnempe
404 3621 542 3686 Metellus
563 3628 646 3690 valde
665 3630 755 3706 levis,
768 3653 798 3696 et
818 3637 990 3718 inconstans
1009 3642 1044 3701 in
1054 3645 1143 3708 dictis
1157 3648 1232 3707 tuis.

70 3681 121 3740 lta
145 3680 222 3744 Plut.
243 3687 275 3747 in
296 3691 475 3778 Apoplrtlzeg.

88 3759 92 3763 '
114 3759 509 3844 Diodorur,nlerandrinus
528 3789 637 3868 patria,
654 3792 801 3858 Pollionis
810 3795 986 3885 Philosophi
998 3801 1095 3868 lilius.
1116 3804 1230 3872 Floruit

69 3840 128 3902 sub
148 3844 296 3912 Adriano.
318 3856 362 3918 Ita
382 3860 499 3925 sudas.
1224 3907 1227 3919 '

113 3921 279 4002 Diodorus,
299 3933 366 3996 bini
387 3948 523 4010 Oratores
540 3949 636 4032 Lydi,
658 3971 708 4018 seu
728 3924 882 4044 iri-Lydia
896 3936 960 4029 nati
981 3969 1112 4050 ejusdem
1132 3975 1230 4037 nomi*-

155 4066 276 4133 varst.
400 4063 402 4068 ¹
609 4073 613 4077 ’
764 4081 768 4091 ’
1127 4131 1147 4194 p
