3317 4817
432 329 527 479 sathil.
543 392 685 464 *Videtur
703 393 754 462 ub.
776 395 936 482 scripsisse,
957 314 1070 480 inquuo
1087 395 1203 476 Spetrra
1221 392 1401 482 appellabat,
1421 413 1495 484 quse
1513 378 1577 483 Epis

437 480 694 638 cwilliboldiIllitler.
713 560 747 636 l.
767 563 897 622 Gramm.
910 551 1021 622 Romae
1040 561 1184 628 illustris,
1205 510 1292 644 vulgo
1313 562 1417 627 Latina
1434 558 1516 620 Siren
1535 521 1576 642 sp

438 640 568 734 pellaeus,
589 660 698 734 praeter¹
710 643 919 734 Grammaticos
940 662 1102 724 praecepta,
1123 661 1156 731 er
1173 642 1224 702 lib.
1237 643 1410 720 Indignatio,
1430 641 1577 702 seuDinre

436 737 632 802 suscriptum,
654 722 750 781 edidit
777 725 914 784 Poemata
935 725 1036 788 varia,
1053 743 1088 781 ex
1108 721 1213 804 quibus
1233 725 1361 787 maxime
1393 720 1577 801 probabantur

430 799 532 875 syria
543 845 551 869 ,
564 819 593 860 et
613 801 728 860 Diana.
748 804 842 863 Primi
863 805 1046 862 mentionem
1066 799 1135 860 fecit
1150 801 1406 875 ,Ticidssultesius
1425 821 1493 860 vero
1512 802 1577 862 cis-

438 897 476 938 na
492 925 498 936 .
512 881 713 962 Pauperrimus
733 881 824 942 obiit.
836 882 914 943 Vide
933 886 1008 943 Suet.
1019 881 1055 952 de
1074 881 1125 941 ΙΙΙ.
1139 881 1235 940 Grarn.
1256 884 1325 960 Ejus
1335 881 1518 947 OO..desieb.
1529 880 1579 939 Di·

434 960 473 1016 ris
493 962 641 1041 exceptis,
662 981 734 1042 quse
754 979 922 1042 supersunt.
1006 968 1010 976 '
1312 1018 1324 1026 ..
1397 991 1404 995 ·

442 1091 444 1098 ,
477 1038 548 1096 Cato
569 1041 582 1113 (
602 1042 645 1100 Μ,
659 1043 778 1102 Porcius
799 1044 826 1116 ),
849 1042 994 1100 Censorius
1014 1042 1130 1107 dictum
1149 1060 1179 1102 et
1199 1063 1216 1102 a
1236 1041 1313 1102 Plus.
1325 1035 1580 1100 Rormssenrosrltt.

436 1136 484 1176 nes
512 1119 690 1200 appellatus,
711 1122 879 1202 Municipio
897 1121 1025 1182 Tusculo
1051 1140 1156 1181 ortus.
1186 1123 1306 1202 Scripsit
1333 1121 1433 1200 plura,
1461 1117 1578 1200 quorun

438 1197 571 1279 pleraque
590 1200 698 1260 deoida
713 1217 864 1282 supersunt
883 1219 982 1260 tamen
1003 1200 1145 1260 nonnulla
1163 1197 1264 1283 fragm.
1284 1221 1318 1259 er
1330 1200 1395 1258 libb.
1416 1199 1579 1276 Originum,

436 1277 487 1356 qui
508 1273 642 1339 historici
662 1297 759 1344 erunt,
779 1301 813 1341 er
835 1281 899 1354 libb.
913 1283 947 1340 rie
961 1279 1050 1358 falsis
1067 1280 1196 1358 pugnis:
1216 1293 1250 1338 e'r
1273 1281 1363 1338 Carne.
1385 1281 1419 1346 de
1438 1279 1579 1338 rnarr'brtsr

437 1375 472 1414 ex
494 1355 653 1435 Praeceptis
672 1361 709 1418 ati
723 1361 814 1438 filiurn
828 1383 835 1418 ε
847 1379 881 1418 ex
902 1362 949 1420 lib.
962 1362 996 1418 ae
1015 1360 1145 1419 Moribus
1167 1361 1211 1418 CI.
1222 1360 1360 1420 Neronis:
1379 1380 1415 1418 er
1435 1359 1501 1416 libb.
1515 1359 1545 1415 dt
1556 1376 1581 1416 rt

362 1458 372 1465 ·
438 1435 627 1498 militarii‘ex
652 1440 928 1500 Commentariun
947 1439 1048 1505 civiti,
1066 1459 1095 1498 et
1109 1457 1150 1502 ‘ex
1170 1440 1366 1507 Orationibus,
1380 1450 1459 1520 :qnae
1480 1453 1581 1518 magno

437 1533 560 1576 numero
579 1517 614 1578 ab
634 1539 669 1580 eo
689 1518 865 1586 lucubratae.
884 1539 914 1580 er
933 1521 1027 1581 dictae
1045 1515 1177 1582 mount.
1197 1522 1253 1580 hit
1272 1520 1353 1580 enim
1365 1521 1437 1587 Cic,
1450 1537 1480 1576 se
1501 1536 1579 1596 supra

439 1611 453 1654 s
464 1616 498 1668 50
522 1598 645 1657 Catonis
665 1599 757 1656 Orarr.
771 1601 940 1682 collegisse,
960 1620 991 1676 er
1017 1599 1140 1682 legisse:
1160 1619 1230 1679 quas
1249 1617 1348 1658 tamen
1373 1621 1391 1658 a
1411 1597 1512 1678 paucis
1530 1595 1582 1677 legi

438 1692 491 1734 suo
511 1693 641 1757 tempore
661 1679 693 1737 in
714 1677 806 1738 Bruto
826 1698 966 1739 testatur:
986 1697 1015 1739 tt
1034 1682 1068 1738 in
1090 1679 1208 1737 Oratore
1227 1681 1338 1748 tradit,
1358 1699 1404 1746 eas
1433 1675 1580 1744 horridas,

440 1773 488 1812 seu
509 1775 608 1836 parum
629 1753 772 1850 eleguntes
790 1756 897 1818 fuisse.
918 1757 1123 1821 Nihilominus
1142 1758 1243 1818 laudat
1259 1757 1383 1818 solidam
1398 1777 1448 1825 ,ac
1460 1756 1583 1814 minime

439 1829 564 1894 fucatam
587 1836 700 1895 Caronrs
720 1837 916 1918 eloquentiam
938 1841 971 1900 in
990 1838 1041 1900 lib.
1052 1839 1088 1896 de
1108 1838 1150 1898 CI.
1172 1838 1275 1902 Orat..
1295 1859 1345 1898 seu
1364 1839 1397 1896 in
1418 1836 1536 1901 Bruto,
1553 1852 1582 1892 ur

438 1915 528 1990 etiam
550 1913 645 1996 ipsum
660 1918 789 1977 Catonern
800 1960 809 1983 ‚
820 1936 850 1978 et
865 1925 926 1997 ejus
944 1919 1139 1997 multiplicem
1160 1917 1333 1982 doctrinam,
1352 1918 1519 1998 praesertim
1540 1913 1583 1972 ria.

430 2014 468 2071 ι3.
490 1995 525 2053 de
545 1995 626 2056 Orat.
648 1997 718 2056 Cara
737 1997 777 2056 ob
795 2017 910 2070 morum
931 2001 1133 2065 severitatem,
1154 2014 1184 2058 et
1202 2003 1391 2081 gravitatem,
1412 2016 1503 2077 quam
1516 1997 1583 2055 Cen·

439 2091 487 2134 sor
507 2092 615 2134 creatus
635 2096 651 2136 s
671 2078 814 2136 Romanis
833 2079 985 2160 erigebat,
1006 2079 1164 2137 multorum
1185 2079 1256 2138 odio
1276 2079 1434 2138 laborarit.
1453 2077 1583 2154 Quater,

432 2169 470 2236 ¹et
491 2153 655 2235 quadragies
675 2151 733 2216 fuit
752 2176 917 2228 accusatus,
938 2179 967 2220 et
988 2180 1040 2240 pro
1060 2178 1090 2217 se
1108 2177 1193 2235 orans
1213 2156 1272 2217 fuit
1290 2176 1401 2238 semper
1419 2155 1583 2216 absolutus.

438 2233 577 2300 Senatus,
591 2239 619 2292 ei
629 2236 756 2295 Statuam
766 2239 952 2298 Consularem
965 2241 997 2298 in
1011 2236 1122 2318 templo
1142 2240 1241 2318 posuit
1257 2259 1323 2297 cum
1338 2236 1535 2316 inscriptione
1552 2252 1585 2291 te-

438 2327 549 2376 stante,
561 2314 709 2373 restitutos
719 2314 754 2374 ab
766 2335 800 2373 co
814 2316 907 2377 bonos
919 2339 1012 2378 mores
1025 2338 1076 2379 suo
1086 2319 1227 2398 exemplo,
1236 2318 1409 2381 etCensoria
1420 2315 1584 2374 severitate.

439 2391 495 2448 Ast
510 2403 538 2445 :r
549 2391 625 2449 viriis
645 2391 703 2454 sine
721 2414 798 2454 nemo
812 2399 963 2456 nascitur:
976 2401 1094 2474 optimus
1114 2398 1183 2465 ille,
1198 2397 1296 2478 inquit
1307 2399 1460 2461 Horatius,
1475 2395 1525 2471 qui
1542 2392 1585 2448 nri·

439 2469 518 2526 nimis
539 2489 664 2546 urgetur.
691 2493 720 2536 ε
747 2477 792 2554 De
813 2480 906 2556 prisco
928 2479 1034 2538 Catone
1052 2479 1141 2538 tradit
1154 2470 1238 2536 ‘idem
1260 2479 1399 2536 Horatius
1418 2477 1468 2533 lib.
1485 2473 1584 2544 Μία·

437 2567 496 2604 rant
518 2568 599 2630 saepe
621 2552 685 2616 vini
706 2557 789 2634 potui
810 2557 937 2616 nimium
959 2558 1132 2618 indulsisse.
1147 2560 1260 2616 Praeter
1272 2577 1356 2636 opera
1367 2557 1502 2619 indicata
1521 2551 1585 2612 affir-

437 2645 499 2688 mat
519 2628 678 2706 Quintili.
689 2631 833 2702 3.1nsrir.,
845 2639 979 2698 omnium
994 2641 1119 2718 primum
1141 2638 1177 2695 de
1197 2637 1275 2694 Arte·
1290 2636 1374 2693 erct.
1389 2638 1506 2697 Rornae
1526 2629 1584 2690 scri·

437 2710 526 2788 psisse
539 2714 638 2786 ,cujus
658 2713 782 2792 Operis,
799 2735 836 2774 ne
855 2715 955 2798 fragm.
973 2719 1093 2797 quidem
1114 2718 1197 2776 vidi.
1218 2720 1255 2776 ln
1273 2717 1395 2796 Scriptis
1414 2717 1477 2774 suis
1497 2714 1586 2774 utitur

436 2787 538 2848 multis
560 2789 655 2849 vocab.
667 2792 768 2852 latinis
790 2798 858 2856 satis
879 2791 975 2865 duris,
996 2815 1027 2856 et
1045 2798 1184 2856 obsoletis
1204 2797 1354 2857 Ciceronis
1373 2814 1463 2855 aevo.
1486 2796 1583 2854 Cicero

371 2925 375 2932 ,
434 2867 565 2936 indicat,
586 2871 618 2928 in
639 2891 670 2930 en
693 2870 799 2932 haeresi
818 2872 907 2936 fuisse
926 2876 955 2952 (‚
968 2880 1002 2935 in
1014 2897 1068 2957 qua
1080 2893 1178 2957 postea
1197 2873 1285 2936 fuisse
1304 2874 1426 2935 affirmat
1448 2871 1586 2954 posteriu-

434 2955 502 3004 rem'
516 2949 657 3008 Catonem
680 2953 768 3010 Bruti
781 2957 980 3024 avurtculum,
1000 2977 1028 3016 et
1050 2958 1201 3016 Ciceronis
1219 2957 1346 3015 amicum
1363 2958 1450 3032 ),ut
1472 2946 1585 3010 nullum

436 3043 586 3084 sectaretur
607 3029 705 3115 florem
727 3036 885 3096 orationis.
903 3039 1003 3096 Homo
1023 3056 1127 3116 nempe
1147 3038 1294 3115 gravis,et
1315 3054 1429 3094 morunt
1451 3033 1584 3112 antiquo

389 3160 394 3168 .
435 3123 509 3170 rum,
531 3126 649 3166 ornnem
669 3107 766 3168 fucum
779 3154 794 3176 ‚-
808 3117 896 3174 eriam
917 3119 950 3175 in
970 3136 1116 3180 sermone,
1137 3117 1210 3172 Viro
1230 3111 1316 3174 Rom.
1339 3134 1439 3195 parurn
1462 3113 1585 3250 dipnunr

435 3184 593 3262 reputabss,
614 3199 789 3271 Omnemque
809 3191 1022 3256 affectationem
1036 3199 1117 3272 (sine
1136 3216 1191 3275 qua
1213 3197 1262 3253 vix
1283 3215 1342 3252 esse
1364 3211 1461 3275 potest
1480 3214 1498 3250 e
1510 3207 1588 3273 egsu-

343 3303 346 3310 ,
435 3263 477 3321 tia
498 3265 621 3324 sollicite
641 3274 819 3348 procuratalz
836 3266 912 3347 nihil
922 3294 1019 3335 autem
1040 3277 1158 3334 odiosus
1177 3270 1376 3334 aifectutione.
1396 3274 1536 3331 Forsitan
1556 3265 1587 3326 ab

435 3343 577 3426 elegantia
596 3347 699 3405 itidem
722 3349 901 3424 abstinebat,
916 3357 984 3436 quia
997 3375 1049 3415 suo
1069 3360 1140 3414 aevo
1154 3355 1305 3436 Elegantia
1317 3355 1386 3411 vitii
1404 3350 1586 3417 Vocabulum

434 3443 502 3489 erut,
525 3437 585 3482 non
607 3427 724 3488 virtutis
737 3431 926 3514 ¹Simplicitas
944 3437 994 3495 illa
1015 3437 1171 3516 priscorum
1185 3434 1404 3500 Romanorum,
1416 3453 1510 3512 quam
1530 3427 1588 3497 Uli·

345 3505 387 3558 “.·
426 3503 532 3594 'mahat
555 3505 642 3570 Caro,
662 3513 1018 3597 postca,corruptis,luru
1038 3515 1190 3591 moribuss,
1209 3515 1368 3581 Ruslidm
1387 3512 1447 3572 fuit
1467 3509 1588 3591 al’l'‘¹¹²'

433 3602 482 3643 ta.
503 3584 653 3664 Elegantia
673 3590 704 3646 in
726 3601 866 3663 sermone,
879 3616 927 3654 seu
946 3612 1107 3672 accuratus,
1122 3614 1151 3654 et
1168 3595 1317 3675 quaesitus
1328 3594 1424 3653 cultus
1444 3612 1482 3651 ex
1505 3593 1587 3649 Grae·

433 3665 475 3723 cis
497 3665 532 3722 nd
553 3667 701 3725 Romanos
722 3677 872 3732 manarit:
887 3676 1010 3734 Graecos
1030 3695 1124 3734 autem
1135 3720 1143 3743 ,
1154 3693 1183 3732 ct
1197 3695 1296 3734 eorum
1309 3675 1420 3734 litteras
1439 3672 1518 3730 adeo
1540 3669 1587 3729 Ca·

397 3815 399 3817 Ι
435 3760 463 3800 ro
485 3746 641 3812 orler·irt,ut
654 3751 685 3808 in
702 3747 861 3826 Praeceptis
882 3757 918 3811 ai
931 3756 1022 3831 filiurn
1044 3753 1112 3812 hoec
1132 3749 1300 3837 legantur:
1317 3755 1439 3814 ,Dicam
1462 3754 1503 3811 de
1525 3749 1586 3818 istls

424 3825 553 3908 1Graecis·
573 3849 624 3886 suo
638 3828 700 3888 loco
710 3877 715 3896 ‚
724 3835 819 3892 Marce
830 3831 967 3913 fili,quid
976 3834 1103 3894 Athenis
1117 3835 1296 3915 exquisitum
1309 3832 1428 3894 habeam
1445 3850 1499 3903 ,et
1510 3830 1588 3912 quod

435 3901 548 3996 b⁰⁰l¹¹¹l
566 3909 604 3967 sit
624 3928 722 3996 eorum
744 3911 856 3994 litteras
873 3916 1034 3996 inspicere,
1048 3932 1110 3975 non
1129 3915 1451 3997 peristomium
1474 3915 1588 3999 nequis·
