3317 4817
633 385 693 459 cl·
994 461 1000 471 ,
1143 388 1183 463 sr‘
1221 399 1224 404 ·

74 471 126 540 sir
142 471 318 548 doctusi'et
336 471 517 553 Ministicae
544 473 717 558 disciplinae
744 473 874 556 perlem,
900 477 980 559 quod
1007 476 1135 563 'probant
1161 486 1224 560 ejus
1289 503 1293 511 ·

77 551 258 618 Callatioaes.
280 557 481 639 Propendebat
493 557 836 638 inSemipelagianorum
859 577 1001 619 errorem.
1024 563 1134 623 Contra
1154 582 1225 626 eum

74 641 184 720 scripsit
203 641 228 698 S.
248 639 369 717 Prosper
388 657 436 695 an.
458 637 570 696 Christi
592 658 659 712 433.
682 638 796 694 Florait
821 639 875 695 sul>
894 637 1032 698 Honorio
1046 684 1053 708 ,
1067 640 1136 699 licet
1156 656 1222 723 post

77 725 131 800 ejus
157 737 303 778 excessum
327 719 431 778 vixerit
447 746 448 749 ¹
463 715 556 798 plures
585 732 679 774 annos
706 714 854 776 Massiliae
883 717 918 804 in
938 720 1134 792 Monosterio,
1156 743 1171 785 a
1191 741 1222 783 se

77 816 239 860 exstructo.
590 825 593 830 ¹

114 877 391 946 Cassium-'Medicus
410 896 477 938 cum
498 873 581 935 laude
600 874 706 934 citatus
726 892 743 933 a
763 876 852 937 Corn.
872 876 958 937 Celso
980 879 1013 939 in
1034 880 1164 959 Praefil,
1179 881 1223 953 n}

77 977 104 1019 et
122 958 209 1018 alibi.
229 960 274 1018 De
295 979 330 1017 eo
352 959 492 1020 meminit
511 958 600 1018 etiam
621 954 788 1014 Scribonios
809 958 916 1039 Largus
929 960 1083 1030 Medicus,
1104 963 1240 1022 Claudiiv

76 1039 206 1102 libertus.
228 1039 360 1110 Cassium
383 1057 472 1119 nuper
492 1056 522 1097 se
542 1034 650 1096 vidisse
670 1051 791 1094 testatur
810 1036 918 1110 Celsus,
941 1059 1007 1099 eum
1023 1043 1225 1124 ingeniosissi-

80 1140 159 1179 mum
188 1119 234 1178 sti
253 1121 311 1180 Sec.
333 1120 482 1180 medicum
501 1133 627 1181 vocans.
660 1115 835 1178 Remedium
862 1117 960 1180 efficax
978 1138 1080 1182 contra
1100 1122 1224 1193 Colum,

80 1219 127 1260 scu
156 1197 249 1260 lleum
268 1201 425 1262 invenit.v
1108 1245 1115 1256 .

89 1321 91 1325 -
117 1279 233 1338 Cassius
253 1281 310 1358 (L.
323 1282 474 1364 Longinus
488 1279 516 1358 ),
537 1280 623 1340 Rom.
645 1277 776 1348 Praetor,
803 1292 833 1338 et
852 1279 945 1341 Iudex
965 1281 1117 1368 integere..
1140 1285 1225 1362 cujus

74 1359 360 1442 tribunal.Seopulus
379 1381 494 1422 reorum
514 1357 728 1441 appellabatur.
751 1357 800 1419 lus
821 1357 936 1420 dicebat
959 1362 1072 1447 integro
1092 1365 1168 1432 Sec..
1195 1381 1226 1424 et

78 1460 111 1498 eo
132 1439 273 1521 amplius,
295 1458 362 1502 ante
382 1440 490 1501 Christ.
511 1457 602 1498 aeram
623 1479 631 1496 .
651 1437 720 1516 Ejus
739 1455 782 1498 est
802 1438 901 1509 illud,
923 1441 968 1498 cui
987 1443 1057 1500 boso
1073 1440 1183 1521 fuerit,
1205 1439 1246 1502 ι’.

80 1522 140 1581 Cic.
164 1519 332 1590 laudatum,
346 1539 375 1580 et
395 1543 411 1581 a
431 1517 663 1586 Iurisconsultis,
676 1534 706 1576 et
726 1517 877 1580 lodicibus
897 1539 1064 1602 usurpatum
1078 1530 1224 1609 'tanquam
1331 1547 1334 1549 “

81 1619 183 1659 norma
202 1600 242 1659 ad
258 1619 333 1659 recte
354 1601 389 1661 de
404 1599 525 1658 'delictis
536 1597 655 1679 patratis
667 1597 857 1675 judicandum
872 1644 879 1659 .
893 1602 1062 1661 Verisimile
1082 1620 1126 1662 est
1137 1648 1145 1672 ‚
1158 1623 1225 1663 eum

79 1683 246 1738 Tractatum
258 1677 384 1760 aliquem
405 1678 545 1748 edidisse,
557 1674 720 1760 quophujus
740 1679 815 1740 dicti
833 1681 1000 1742 ostenderet
1020 1684 1188 1755 veritatem¹
1200 1699 1231 1742 et

79 1759 112 1819 in
134 1759 295 1831 judicando
315 1761 491 1820 utilitatem.

122 1840 255 1904 Cassius,
277 1841 385 1901 Annal.
407 1840 552 1918 Scriptor,
573 1837 679 1896 citatur
698 1855 714 1896 a
734 1837 800 1901 Gel.
822 1839 1081 1902 l.17.c.2r.NN.

121 1919 261 1994 Cassius(
276 1921 310 1981 C.
327 1921 481 2003 Longinus
487 1919 520 1994 ),
541 1917 766 1978 Iurisconsultus
786 1920 915 2003 egregius
927 1965 936 1990 ‚
950 1939 980 1980 et
991 1926 1059 1983 Cos.
1080 1919 1132 1981 sub
1143 1920 1250 1992 Tibe-⁴
1288 1945 1295 1955 ·

78 1999 124 2060 rio
134 1999 252 2067 {Sabini
273 1999 447 2081 discipulus,
468 2001 551 2074 cujus
572 2016 663 2057 sectae
684 1993 757 2062 fuit.
777 2017 850 2078 quae
869 2001 958 2059 etiam
980 2022 1015 2060 ex
1035 2020 1071 2060 so
1095 2001 1231 2061 Crassiana

79 2077 138 2138 fuit
160 2079 300 2160 appellata
320 2124 327 2138 .
350 2083 377 2138 A
389 2082 514 2140 'Nerone
534 2080 566 2137 in
586 2077 748 2137 Sardiniam
768 2079 955 2160 deportatus,
988 2083 1065 2142 sirit
1086 2100 1174 2164 usque
1194 2081 1232 2143 ad

78 2162 138 2218 Ves
185 2180 199 2214 ’.
221 2159 383 2220 luminibus
401 2158 539 2225 orbatus,
560 2175 590 2215 et
610 2154 687 2216 obiit
706 2159 817 2218 Romae
836 2156 873 2219 ab
892 2161 983 2219 exilio
1004 2162 1116 2222 redux.
1138 2164 1233 2238 Hujus

79 2237 113 2296 lit
134 2180 269 2318 lii-bueus
289 2241 403 2298 mentio
423 2240 457 2297 in
478 2237 598 2312 Corpore
617 2237 708 2304 Iuris,
730 2254 761 2295 et
781 2239 914 2325 citantur
928 2245 990 2316 ejus
1011 2242 1105 2300 Notae
1121 2243 1160 2302 'ad
1182 2245 1238 2302 Vi·

77 2317 220 2455 telliupr.
233 2321 262 2375 et'
282 2320 318 2378 ad
332 2323 464 2397 Urseium
485 2313 607 2376 ferocem
621 2360 630 2386 ,
643 2317 703 2377 nisi
722 2317 748 2376 si
768 2319 830 2378 sint
850 2319 967 2380 alterius
976 2322 1066 2380 Cassii
1086 2324 1234 2404 antiquio·

79 2417 139 2461 trs,
186 2417 205 2455 e
242 2417 280 2456 uo
300 2418 405 2459 autea.
589 2443 596 2453 κ
727 2411 730 2420 ’
920 2412 921 2415 ’
1218 2456 1229 2466 ,.

124 2417 245 2536 cassari
265 2478 343 2553 (C),
355 2481 490 2545 Senator,
501 2491 532 2534 et
551 2467 673 2536 Orator.
693 2476 798 2537 Oratis
818 2479 852 2537 in
872 2469 977 2566 Senatu
997 2472 1237 2562 eloquentissime

76 2573 187 2616 eontra
206 2555 404 2618 interfectores
425 2557 564 2618 Paediani
583 2556 707 2616 Secundi
727 2556 818 2618 Praei.
840 2560 927 2620 Urbis
947 2562 1001 2621 sub
1013 2564 1144 2621 Nerone.
1166 2564 1236 2640 Ejus

79 2634 178 2694 Serre.
198 2632 281 2698 affert
298 2640 367 2698 Tac.
388 2637 495 2696 Anaal.
515 2637 537 2694 1.
551 2660 598 2706 φ,
619 2656 647 2696 et
668 2635 815 2695 Annali.
841 2657 885 2696 re.
907 2650 973 2720 post
992 2642 1117 2700 initium
1137 2644 1181 2702 ait
1201 2655 1233 2699 τ..-

77 2716 124 2776 Ea
147 2732 322 2796 tempestate
343 2719 456 2776 Cassius
475 2735 583 2775 ceteros
623 2716 816 2776 raceminebat
838 2721 942 2799 petitia
962 2723 1072 2804 Legum
1091 2737 1122 2778 rr:

123 2795 276 2871 Cassius(
298 2799 448 2881 Longinus
468 2797 591 2874 Dionys.
604 2735 634 2871 i,
656 2793 820 2882 Porphyrii
833 2801 988 2882 magister,
1009 2800 1046 2861 ab
1057 2803 1089 2883 ἱΕ
1111 2803 1179 2873 ist,
1203 2817 1234 2864 et
1283 2849 1286 2854 -

78 2875 232 2938 Consiliis
252 2877 395 2937 Zenobiae
415 2877 569 2936 Palmiren.
577 2876 706 2956 reginae.
728 2875 829 2936 Eistat
849 2884 911 2956 ejus
925 2879 1008 2959 Opus
1027 2875 1063 2938 de
1083 2824 1167 2958 §sylo
1189 2901 1236 2940 su.

76 2957 185 3024 blr'snt',
206 2950 286 3036 quod
305 2957 338 3014 in
359 2955 512 3018 Gallicum
528 2973 610 3014 serm.
632 2956 720 3014 v'ettit
741 2957 860 3017 Boileau
879 2960 968 3018 Poeta
980 2961 1027 3020 Sat
1047 2980 1068 3019 r.
1089 2962 1157 3021 Alia
1177 2962 1238 3028 c‘di·
1275 3025 1283 3030 „

76 3035 184 3104 disse,
205 3053 277 3115 quae
296 3037 452 3116 perierunt,
475 3033 570 3094 nullus
587 3032 705 3092 dubito.
736 3035 810 3096 Eu'm
832 3033 976 3118 supplicio
994 2979 1092 3122 allicit
1113 3041 1238 3102 Valeria·

75 3133 165 3183 nus,
187 3131 222 3173 eo
241 3115 318 3196 quod
339 3133 485 3174 auctorem
505 3113 659 3173 crediderit
679 3113 827 3188 ¹Epistulae
845 3119 883 3178 ad
903 3116 1092 3179 Aurelianum
1114 3122 1235 3202 scriptae

76 3215 96 3253 a
118 3193 254 3330 Zenobpa
274 3219 281 3256 t
301 3195 380 3275 quod
399 3195 515 3255 ridetur
535 3193 608 3254 sicis
632 3193 726 3255 doctis
746 3195 951 3276 displicuisse.
972 3200 1050 3260 Vide
1071 3201 1234 3282 Vopiscum

74 3274 116 3336 in
140 3274 323 3332 Aureiano.
754 3299 756 3302 ·
852 3292 855 3297 ·
1085 3281 1088 3286 ’
1230 3301 1236 3312 ·

125 3353 249 3414 Cassius
268 3355 373 3429 (Dion
381 3354 421 3432 )·',
444 3349 603 3413 Alexandri
632 3353 729 3414 Severi
749 3353 784 3413 in
804 3355 965 3417 Consulatu
984 3355 1121 3442 Collega,
1142 3358 1237 3418 edidit

75 3433 169 3494 Hirr.
191 3433 274 3495 Ram.
294 3434 359 3493 libb.
379 3447 450 3496 so..
470 3450 498 3492 et
519 3435 671 3514 separatim
698 3455 743 3494 res
763 3439 1063 3521 aTrajano·gestas‚
1084 3457 1116 3497 ac
1143 3436 1236 3496 Wrani

74 3513 209 3572 Arriani
228 3511 306 3572 Phil.
328 3512 504 3572 Cassiioo.
525 3514 588 3573 inte
607 3534 637 3574 ra
665 3533 726 3573 non
757 3533 933 3596 supersunt,
954 3536 1007 3578 uec
1034 3518 1164 3585 Graece.
1184 3534 1238 3580 nee

79 3594 224 3654 Latine.
244 3592 311 3651 Erat
331 3592 566 3652 Alexandrinus.
586 3533 632 3653 ik
651 3613 686 3653 eo
706 3597 834 3655 Suida's.
926 3600 930 3605 ’
987 3664 989 3668 ,
1085 3599 1092 3608 '

124 3672 250 3733 Cassius
270 3672 356 3746 (T).
375 3674 450 3746 Eius
465 3673 637 3755 imaginem·
653 3675 688 3733 in
707 3675 828 3735 Bibliot.
851 3694 901 3756 sua
928 3671 1050 3736 babebat
1069 3677 1184 3738 naen.
1196 3678 1242 3738 Se·

70 3752 293 3832 ueteresquod
313 3751 428 3811 indicio
448 3767 509 3821 est3
530 3771 595 3810 eum
617 3753 700 3814 valde
719 3754 966 3816 doctumfuisse.
1023 3765 1026 3770 “
1160 3778 1162 3781 ·

125 3833 251 3892 Cassius
270 3833 340 3908 (L)
355 3872 362 3895 .
374 3834 479 3892 Orator
492 3831 571 3910 ‚qui
582 3833 646 3894 CN.
668 3833 820 3898 Plancium
835 3881 844 3908 ,
858 3834 1009 3897 defeniunt
1029 3854 1046 3896 a
1065 3835 1149 3904 eie..
1158 3841 1251 3904 'acca-

72 3914 192 3976 savit.
215 3911 305 3968 Cassii
327 3912 377 3972 Oc.
399 3911 491 3971 desid.
515 3911 585 3970 Non
605 3911 697 3992 liquet
711 3935 719 3983 ς
733 3933 773 3974 an
797 3917 824 3975 is
843 3917 883 3975 sit
1045 3913 1050 3921 ’
1229 3977 1238 3989 ὦ

126 3991 253 4128 Carpsits
274 3988 294 4127 G
295 3993 318 4050 L
323 3992 349 4071 )‚
365 3994 416 4054 cui
437 3992 509 4073 Pop.
530 3991 618 4056 Rom.
641 3991 740 4071 (teste
754 3994 947 4067 Asconimiu
961 3995 1046 4057 Cicer.
1063 4010 1117 4134 pro
1135 3993 1250 4057 Milone

207 4087 255 4132 ati
293 4112 300 4129 ·
1191 4092 1192 4095 ’
