3317 4817
449 345 585 492 maiiyris
604 406 755 493 reliquias,
777 407 814 471 de
833 406 938 495 quibus
957 412 983 470 S.
996 413 1073 495 Aug.
1086 406 1123 468 in
1141 399 1223 470 libris
1243 408 1278 488 de
1299 403 1382 468 Cavit.
1396 404 1458 466 Dei
1469 437 1477 467 .-
1488 409 1524 466 in
1541 408 1595 468 ui.

443 511 545 552 norem
554 492 696 558 Briearem
716 492 862 574 appulsus,
874 492 937 552 illic
949 513 997 573 per
1010 492 1072 552 dies
1091 491 1205 571 aliquot
1225 491 1374 569 expositae
1393 489 1489 548 dictu
1507 509 1592 548 sacrae

444 574 565 650 exuviae
585 570 717 642 metunt,
739 574 776 632 ad
795 593 916 654 quarum
937 575 1127 653 praesentiam
1148 589 1194 630 tot
1213 571 1351 648 miracula
1371 571 1449 628 Deus
1468 587 1592 648 optutus

444 671 496 719 est,
517 652 622 731 quibus
641 657 776 714 Sanctum'
790 656 1033 733 Protomartystm
1055 673 1139 716 suum
1159 649 1328 712 clarificavit
1337 667 1387 720 ,ut
1403 671 1467 724 500.
1475 648 1591 727 Hebraei

442 733 542 812 paucis
561 732 662 792 diebus
682 734 716 792 in
743 735 881 815 Magonis
908 752 994 814 postu
1014 731 1212 794 Christianam
1237 731 1328 808 iidem
1351 729 1529 810 susceperint
1546 729 1590 802 sub

343 831 346 837 ·
442 813 545 871 Seuero
567 813 647 871 iliius
667 813 781 874 Insuiae
800 815 966 895 Episcopo,
986 818 1038 894 qni
1065 815 1101 875 ad
1121 816 1286 875 universam
1306 812 1463 872 Ecclesiam
1483 811 1591 890 Episto·
1619 880 1624 889 .

445 889 502 950 lam
525 893 560 963 de
581 890 634 951 hac
654 915 683 952 re
703 895 840 975 scripsit,
858 899 942 973 cujus
961 897 1003 956 tii
1024 898 1206 956 mentionem
1229 894 1323 953 obiter
1343 889 1466 952 fecimus
1492 891 1528 948 in
1547 889 1591 946 Hi·
1622 948 1629 968 x

440 973 528 1030 staria
549 973 747 1050 Episcopomrn
763 974 917 1035 'Barcinos
929 994 1045 1057 agentes
1064 978 1101 1036 de
1119 975 1150 1034 S.
1161 975 1283 1034 Severo.
1303 977 1377 1034 Sunt
1391 973 1463 1052 ‚qni
1475 987 1588 1030 conten·

441 1051 526 1116 dant,
540 1052 668 1112 Orosium
687 1057 929 1116 Tarraconensem
951 1053 1060 1117 ficisset
1080 1077 1137 1137 qua
1156 1057 1193 1116 de
1213 1077 1243 1115 re
1262 1069 1355 1114 exstat
1375 1053 1524 1135 integrum
1545 1069 1589 1109 ro

442 1129 543 1191 lumen
563 1134 657 1194 Paulli
677 1137 787 1216 ignatii
806 1138 966 1207 Daimases,
979 1139 1063 1199 Civis
1081 1137 1321 1200 Barcinonensis.
1342 1133 1465 1194 Orosius
1485 1133 1549 1214 ipsc
1565 1131 1584 1190 1.

442 1227 470 1272 a.
483 1227 507 1270 c.
521 1213 773 1290 222Tartaconem
795 1233 875 1274 sunm
895 1218 1034 1298 appellat.

405 1313 416 1364 s
658 1299 663 1310 '
828 1345 831 1352 ,
884 1298 1068 1368 Corollarium
1089 1297 1148 1357 111.

479 1370 688 1450 orthographia
714 1376 914 1458 antiquiorum
936 1381 1062 1441 Roman.
1083 1379 1168 1439 valde
1186 1376 1299 1438 diversa
1332 1373 1391 1438 fuit
1418 1375 1589 1458 aposterio·

436 1472 501 1512 rum
531 1453 759 1540 Oudograpiia,
781 1477 853 1539 quac
883 1457 976 1522 adhuc
997 1463 1097 1545 riget,
1119 1458 1213 1520 utin
1233 1459 1352 1519 decursu
1384 1456 1469 1534 hujus
1497 1456 1589 1531 Sylla·

436 1533 467 1590 si
487 1533 651 1595 ostenditur
672 1538 761 1597 variis
780 1539 813 1598 in
835 1539 1012 1599 Corollasiis.
1034 1541 1160 1625 Augusti
1180 1559 1251 1600 acro
1273 1559 1334 1598 nou
1351 1529 1472 1619 perinde
1492 1537 1586 1595 scribe·
1608 1545 1623 1565 ⁴

440 1610 530 1681 bant,
550 1633 582 1674 ac
602 1617 852 1695 pronunciabant,
874 1621 952 1700 quod
974 1623 1122 1703 Augustus
1140 1605 1377 1701 sion'probabat,
1398 1620 1451 1700 qui
1469 1613 1588 1675 scriben-

440 1691 521 1756 dum,
534 1711 566 1753 ut
589 1699 840 1775 pronunciabatur,
851 1703 965 1762 cenauit
975 1726 982 1766 ς
994 1703 1082 1782 idque
1096 1719 1161 1782 post
1174 1721 1239 1760 eum
1260 1700 1412 1758 obtinuit.
1426 1698 1503 1756 Vide
1515 1699 1587 1756 Suet.

437 1771 472 1830 in
484 1773 617 1849 Augusto
629 1796 688 1855 cap.
698 1787 745 1837 88.
758 1780 836 1838 Vide
843 1781 1042 1844 Pronuntiatur
1057 1784 1090 1841 in
1104 1781 1138 1838 P.
1150 1784 1243 1840 item:
1254 1782 1403 1862 Augustus
1412 1781 1513 1838 Caesar
1525 1779 1587 1835 Pro·
1638 1812 1639 1849 ι

436 1853 550 1912 consuli
569 1857 685 1918 cuidam
707 1878 894 1928 successorem
916 1861 950 1920 in
972 1856 1154 1942 provinciam
1175 1860 1258 1940 dedit
1273 1864 1360 1942 ,quia
1381 1860 1414 1917 in
1437 1857 1586 1934 Orthogm·
1638 1924 1639 1939 ,

429 1931 501 2008 pitia
513 1937 616 1994 Latina
636 1957 735 2017 parum
758 1941 884 2018 peritum
906 1943 1127 2022 sumagnorit,
1147 1942 1276 2016 ejusdem
1297 1943 1407 1999 litteras
1419 1939 1533 2022 legens.
1547 1939 1585 1996 Ita

434 2016 513 2072 Suet.
528 2016 561 2072 in
588 2016 654 2075 Visa
675 2018 826 2076 Octaviani
847 2023 974 2104 Augusti
995 2022 1190 2098 usmptura
1210 2019 1346 2080 inS.1n
1366 2019 1444 2088 hoc,
1465 2037 1495 2076 et
1523 2018 1585 2076 aliis

435 2093 578 2172 Operibus
598 2099 671 2156 meis
692 2099 888 2178 probabilem,
907 2101 1064 2164 seu-bonis
1084 2101 1261 2162 Auctoribus
1281 2102 1427 2182 probatam
1451 2099 1584 2175 Ortogra·

430 2173 530 2248 pisiam
549 2195 675 2255 sequor,
695 2179 769 2238 nulli
788 2183 987 2261 superstitiose
1007 2183 1157 2244 addictus.
1180 2185 1217 2241 In
1238 2203 1269 2241 ea
1290 2183 1402 2240 variant
1424 2179 1517 2238 Aldus
1530 2181 1585 2238 Ma·

433 2255 550 2320 nutius,
563 2258 753 2324 Passeratius,
773 2262 909 2341 Lipsius,
929 2263 1086 2333 Ceilarius,
1107 2261 1497 2330 Paccioiatus,Heineccius,
1517 2260 1585 2325 alii,

436 2335 470 2392 in
496 2353 618 2413 quorum
641 2338 725 2396 verba
746 2357 806 2398 uon
826 2343 940 2413 jurari.
962 2343 1175 2402 Posterioribus
1193 2364 1229 2404 ex
1250 2339 1296 2400 his
1320 2343 1436 2401 licitum
1459 2335 1534 2408 iuis,
1555 2341 1586 2397 in

436 2413 548 2477 multis,
560 2414 703 2494 prioribus
724 2436 784 2476 non
805 2421 1044 2482 accedere.1dem
1066 2428 1111 2501 jus
1125 2425 1157 2482 in
1170 2422 1293 2482 tevaide
1313 2421 1371 2480 levi
1391 2421 1521 2487 arbitror,
1535 2419 1583 2477 mi·

435 2491 468 2551 hi
489 2494 723 2564 concedendum,
745 2516 774 2556 et
798 2518 875 2558 nunc
896 2504 966 2573 uni,
989 2523 1067 2564 nunc
1087 2504 1170 2564 alteri
1191 2523 1240 2563 me
1258 2522 1341 2584 posse
1357 2500 1532 2569 adhaerere,
1552 2517 1586 2556 ne

434 2591 528 2636 unum
550 2573 634 2636 alteri
655 2577 752 2638 uidear
777 2577 932 2659 praeferre.

983 2669 1033 2728 OS

474 2739 584 2809 Ostur,
605 2738 715 2804 liberor
735 2743 867 2807 laudatur
881 2791 888 2815 ,
900 2765 929 2808 et
951 2766 1104 2809 nutatura
1124 2749 1228 2807 Seneca
1248 2748 1283 2806 in
1302 2745 1448 2804 Prooemia
1471 2742 1519 2802 lib.
1534 2740 1587 2797 mi·
1637 2802 1638 2821 ἶ

434 2813 467 2876 isi
491 2841 536 2879 ιο.
551 2822 680 2884 Cauaras.
695 2825 763 2884 Osci
784 2829 885 2885 Oratio
897 2875 905 2897 ,
919 2830 1041 2910 inquit,
1060 2849 1114 2885 uon
1128 2829 1273 2906 figurata,
1292 2827 1342 2885 sed
1353 2844 1467 2900 prava.
1490 2825 1585 2880 Item:
1637 2826 1638 2831 ’

440 2899 534 2973 Οιειιει
552 2923 605 2962 non
625 2904 792 2966 incommode
812 2909 901 2977 dixis,
924 2911 973 2968 sed
992 2910 1043 2967 sibi
1064 2910 1180 2974 mersit,
1200 2927 1261 2966 cam
1282 2905 1354 2964 nihil
1373 2907 1432 2963 siue
1452 2901 1588 2961 schemate
1637 2928 1638 2931 ¹

431 2979 521 3037 dicere
539 2984 629 3056 cupit.
651 2985 730 3044 Vide
750 2985 877 3046 Pacatus
897 2992 931 3048 in
952 2989 987 3047 P.
1272 2996 1277 3004 “
1637 2982 1638 2993 ¹

472 3058 606 3128 Ostiiius,
630 3061 705 3122 Phil.
718 3065 823 3124 exsiiio
844 3070 984 3135 multatus
1004 3090 1022 3129 a
1040 3062 1219 3148 Vespasiano
1240 3064 1322 3135 fuit,
1343 3067 1411 3146 quia
1439 3063 1532 3122 nimis
1553 3060 1589 3119 li·

428 3133 511 3206 bere,
535 3157 570 3198 ut
588 3141 627 3199 de
644 3145 882 3222 praecedentibus
900 3149 1150 3231 Imperatoribus,
1171 3148 1245 3209 male
1266 3148 1406 3212 moratis,
1427 3145 1464 3205 de
1493 3163 1528 3202 eo
1549 3140 1588 3199 lo
1637 3170 1638 3177 ¹

427 3216 567 3295 quebatur
579 3259 587 3284 ,
600 3239 636 3279 et
656 3228 715 3300 eius
736 3221 810 3286 facta
829 3225 1016 3310 impudenter
1037 3229 1182 3288 noubas.

469 3377 611 3440 Otacilius
632 3382 737 3443 Pilitus
758 3387 840 3464 (L).
862 3390 941 3451 Vide
960 3312 1085 3464 gissus·
1100 3389 1135 3448 iu
1156 3387 1192 3447 Ε.
1203 3387 1362 3449 Suetonius
1381 3387 1414 3445 in
1435 3386 1482 3444 tib.
1497 3386 1534 3442 de
1546 3381 1591 3440 Cl-

428 3457 599 3520 uictoribus
617 3462 653 3524 de
672 3486 710 3525 eo
727 3466 794 3538 ait,
814 3469 969 3538 ffistoriam
997 3469 1163 3550 scripsisse:
1184 3491 1256 3550 quae
1276 3469 1367 3528 desid
1376 3471 1454 3526 Sunt
1474 3466 1526 3545 qui
1549 3463 1593 3522 di·

426 3557 597 3608 cant,·non
618 3544 758 3615 Piiirum,
781 3549 830 3608 sed
852 3549 994 3609 Phileruut
1015 3551 1189 3630 appellatum
1210 3547 1322 3611 fuisse.
1393 3546 1396 3556 ¹

449 3621 574 3696 'Orio(
597 3625 712 3701 Iun),
732 3628 935 3696 Declamator,
955 3633 1051 3704 Seiani
1071 3633 1201 3706 amicus.
1221 3633 1363 3696 Senator,
1386 3645 1415 3687 ct
1444 3629 1593 3687 Praetor,

325 3765 326 3768 ,
426 3717 457 3756 ac
478 3702 596 3760 tandem
616 3704 699 3764 Trib.
712 3707 772 3786 pi,
790 3711 853 3788 qui,
874 3712 1006 3769 amicitia
1025 3713 1121 3787 Sejsni
1142 3707 1242 3780 fretus,
1263 3709 1342 3789 plura
1362 3725 1406 3767 est
1422 3726 1529 3769 ausus,
1552 3702 1592 3761 ob

427 3796 499 3859 quae
518 3783 550 3838 in
571 3784 708 3844 exsilium
729 3788 771 3846 ire
793 3793 885 3860 jussus
903 3809 962 3850 est.
985 3790 1065 3849 Vide
1081 3793 1149 3850 Tac.
1165 3791 1215 3846 lib.
1229 3813 1277 3858 3.,
1299 3808 1330 3848 et
1351 3797 1377 3848 ό.
1390 3786 1464 3845 Anu.
1477 3784 1590 3843 Edidit

354 3935 358 3946 ὓ
424 3883 454 3928 4.
475 3859 558 3918 libros
581 3861 710 3924 Colotum
733 3867 960 3934 Rhetoricorum,
982 3871 1032 3950 qui
1055 3870 1146 3929 desid.
1159 3873 1284 3929 Notatur
1304 3891 1320 3928 a
1339 3871 1441 3928 Seneca
1461 3867 1495 3922 in
1523 3865 1596 3922 Cou-
1636 3862 1637 3867 '

424 3953 515 4010 Μ,
536 3956 568 4002 ιιι
589 3947 769 4018 somniator,
789 3967 818 4008 et
839 3967 872 4010 ut
891 3947 1040 4017 affectatus
1059 3951 1094 4011 iu
1115 3951 1176 4012 suis
1195 3949 1282 4022 libb,
1298 3966 1333 4012 ,st
1353 3948 1538 4010 Declamare.
