3317 4817
124 366 128 373 ,
615 334 679 397 Vm
1121 350 1136 393 s

58 414 98 479 la·
115 459 127 485 ,
147 430 178 477 et
204 414 351 479 convivia.
370 415 466 483 iurem
489 413 580 479 estiva
601 412 764 497 frequentet
792 412 872 479 adire
886 456 897 485 .
913 410 1082 497 sitimque
1108 348 1224 496 legibue

62 512 178 578 turpem
201 497 446 583 inhonestamque
466 434 629 562 gmammc
650 498 900 567 consociationes,
922 499 1071 575 proximas
1088 494 1223 555 crimini·

63 576 142 646 bus,
164 574 315 663 fugiendas
334 578 370 640 ab
389 576 573 640 Scholasticis
593 579 771 641 statuebatur
794 620 801 637 .
823 578 899 639 Item
922 578 1017 637 Roma
1036 574 1142 655 expelli
1161 620 1170 649 ‚
1191 582 1226 633 et‘

17 676 18 679 ’
65 658 231 723 uerberibus
252 660 367 742 publice
388 658 485 729 affici,
506 661 557 741 qui
580 678 641 719 non
663 660 706 737 ita
726 680 755 723 se
818 659 922 728 sserie,
942 674 975 715 ut
1000 654 1157 715 liberalium
1185 674 1224 715 re·

66 756 127 803 turn
148 741 270 818 dignitas
285 743 397 817 poscit.
413 740 570 821 Imperavit
596 740 698 801 Valens
719 740 751 800 in
765 678 1000 814 &ienreauua
1010 735 1224 813 Vixiaoueso,

63 838 92 881 et
115 823 149 879 in
161 822 278 903 tugurio
297 822 465 885 combustus
486 823 574 904 periit
586 841 636 899 pn.
646 818 757 884 Christi
782 830 848 903 378.

109 897 321 963 Valentinieiitus
343 902 469 985 lep.,
482 906 526 963 vir
546 902 688 965 bonarum
708 905 816 964 artium
843 900 1014 969 studiosus,
1033 898 1138 960 animo
1165 916 1226 982 gra·

63 983 128 1049 vis,
149 984 291 1045 vitiorum
318 1004 410 1054 osor..
425 986 549 1065 ingenio
577 985 682 1051 solers.
710 1003 844 1045 sermone
869 984 1072 1049 cultissimus,
1098 996 1128 1039 et
1154 978 1226 1041 taci-

62 1081 187 1125 turnus.
209 1066 325 1133 Pictor,
347 1083 376 1127 et
404 1062 487 1126 fictor
514 1068 662 1149 egregius,
683 1086 715 1127 ac
736 1065 958 1146 disciplinarum
979 1060 1073 1123 studii
1093 1060 1227 1141 optimis·

62 1144 174 1227 legibus
195 1166 365 1225 promotor.
386 1146 465 1206 Vide
490 1144 593 1206 Valens
614 1168 717 1228 supra:
739 1145 858 1205 Pictum
877 1147 912 1204 in
932 1139 967 1202 Ρ.
976 1142 1064 1203 Obiit
1074 1159 1120 1200 an.
1136 1140 1227 1203 chri·

61 1229 101 1286 sti
115 1247 191 1317 Ιῃγε
203 1228 306 1287 aetatis
332 1250 375 1303 55:
389 1228 510 1307 Imperii
533 1226 679 1320 12.De·eo
693 1228 785 1289 multu
804 1246 873 1289 cum
887 1225 971 1287 laude
990 1223 1143 1286 d'uc‘trinae
1165 1223 1227 1284 ve·

61 1308 747 1470 getl'llaslelireiiiiiirlslll(lizzgiatriearlidiiitzt,
767 1407 796 1447 et
818 1385 1024 1450 Valentiniani
1043 1378 1067 1446 l.
1083 1380 1122 1466 fil.
1144 1382 1226 1446 Cita·

65 1486 112 1529 tut
133 1472 194 1546 ejus
216 1469 315 1529 Oratio
335 1470 570 1533 ab'Ammiano.
593 1472 630 1529 In
648 1470 715 1529 Col.
741 1468 848 1527 Theoi.
869 1487 937 1530 sune
958 1468 1052 1550 plures
1072 1464 1226 1543 hujuslse·

67 1568 131 1631 ges,
142 1568 172 1609 et
193 1552 342 1630 Rescripta
363 1550 398 1610 ad
411 1542 513 1611 'Praeffi
530 1570 570 1631 pt.
582 1550 614 1609 in
629 1546 756 1609 fauorem
778 1550 939 1619 litterarum
954 1565 1003 1617 ,et
1014 1548 1227 1607 litteratorum.

65 1632 168 1690 Exstat
188 1632 278 1691 eriam
300 1632 443 1705 Epistol
462 1629 603 1707 Syriciunr
624 1628 752 1706 Papam,
774 1650 829 1711 qua
849 1649 911 1703 etus
931 1628 1124 1692 electionem.
1143 1627 1230 1687 teiln

68 1712 253 1772 mationibus
274 1714 375 1792 populi
389 1712 509 1773 Romae
529 1708 645 1778 factam,
658 1711 815 1791 approbat,
827 1726 859 1768 et
879 1708 976 1769 laudat
988 1748 996 1773 .
1009 1727 1041 1776 ac
1051 1709 1129 1767 inter
1148 1708 1232 1783 Sym·

67 1790 166 1851 machi
190 1792 371 1866 Epinesunt
393 1792 551 1853 nonnullae
565 1792 600 1853 ad
619 1791 823 1872 Symmachum
845 1793 983 1868 scriptae.
996 1788 1084 1848 Obiit
1095 1788 1231 1847 Viennae

72 1874 107 1932 in
128 1872 225 1933 Gallia
246 1891 292 1932 an.
314 1875 417 1935 aetatis
439 1894 493 1946 27:
512 1870 625 1935 Christi
650 1895 723 1952 psus
737 1872 859 1955 imperii
882 1890 930 1931 an.
944 1872 971 1933 θ’.
982 1869 1176 1955 strangulatus
1196 1869 1243 1958 in,

71 1953 208 2014 cubiculo
228 1952 263 2013 ab
282 1952 461 2036 =Arhogaste.

115 2034 294 2102 Valentinus,
317 2030 519 2113 haeresiarcha,
541 2034 652 2096 Rornae
672 2052 760 2097 notus
781 2032 834 2095 sub
853 2035 881 2091 S.
899 2028 1079 2112 Telesphoro
1099 2032 1176 2112 Papa
1197 2051 1225 2091 a..

66 2116 145 2175 Eccl.
159 2116 218 2175 See.
232 2116 388 2195 Repulsam
411 2116 521 2176 Romae
544 2136 640 2199 passus
667 2119 701 2177 in
728 2116 875 2195 petitione
902 2114 1092 2192 Episcopatus
1119 2114 1154 2171 in
1175 2105 1237 2191 cp,

67 2197 115 2277 pri
137 2196 233 2259 insula
253 2198 415 2257 somniavit
437 2198 539 2257 insana
554 2196 652 2257 *multa
673 2198 708 2257 de
734 2218 777 2271 30.
792 2192 945 2261 leonibus
966 2194 1100 2255 masculis
1116 2212 1161 2257 ‚et
1174 2187 1241 2270 foe·¹

68 2278 183 2341 minis.
206 2277 319 2337 minora
348 2277 487 2359 quaedam
518 2277 626 2341 saecula
647 2278 681 2339 ab
703 2276 766 2338 illis.
782 2277 882 2359 genita
908 2272 949 2333 fin
969 2294 1042 2343 ens,
1069 2273 1233 2353 exquibus

67 2358 220 2441 Christum
242 2374 339 2417 ortum
361 2356 542 2428 affirmabat,
563 2359 672 2418 multos
693 2359 766 2419 alios
787 2366 893 2417 errores
913 2294 1023 2415 adiens
1047 2376 1082 2417 er
1103 2353 1236 2435 discipli·

70 2459 110 2499 na
132 2438 298 2500 Platonica.
309 2438 430 2499 Tertull.
440 2438 543 2515 ajebat,
565 2436 967 2512 Ovidium‘Meeamotphoses
979 2457 1043 2499 tuas
1056 2436 1241 2508 deleturum„

69 2522 97 2581 si
126 2516 267 2579 Valentini
288 2517 415 2587 fabulosa
436 2520 565 2597 saecula,
588 2541 617 2580 et
638 2520 839 2603 generationes
862 2518 1049 2601 agnovisset.
1235 2581 1238 2587 ,

118 2595 328 2675 Valentinus(
338 2598 401 2659 Val.
409 2602 443 2678 ),
465 2602 581 2680 scripsit
602 2598 670 2660 ficto
693 2602 815 2659 nomine
834 2598 988 2678 Tapullam
1001 2600 1168 2682 legem.1to
1180 2590 1241 2659 F'e·

74 2699 137 2741 stus
159 2682 315 2761 Pompeius
329 2682 483 2743 norsum
496 2678 546 2741 bic
566 2699 607 2741 est
616 2690 626 2745 ‚'
635 2683 690 2761 qui
699 2684 732 2745 C.
745 2682 923 2741 Cosconium
934 2682 1095 2747 accusarit,
1106 2697 1136 2739 et
1156 2684 1238 2756 cujus

71 2780 190 2823 oermen
211 2763 364 2823 recitatum
387 2756 445 2823 fuit
464 2761 499 2821 in
519 2761 719 2843 judicioz'quo
740 2761 815 2821 lecto
835 2759 983 2819 absolutus
995 2756 1053 2819 fuit
1065 2760 1238 2830 Cosconium

70 2844 145 2902 licet
165 2843 315 2903 evidenter
337 2862 462 2912 notens,
485 2841 524 2902 ob
544 2862 659 2903 carmen
681 2838 911 2901 inverecundum
939 2838 1105 2910 Valentini,
1125 2859 1155 2900 et
1182 2838 1239 2898 Va·

68 2924 194 2983 lentinus
214 2942 359 2984 aecusator
379 2924 552 2983 damnatus.
575 2922 653 2981 Vide
675 2922 739 2983 Vol.
754 2924 797 2981 M.
809 2922 829 2979 l.
851 2934 879 2978 8.
900 2940 924 2979 c.
949 2941 975 2979 r.
994 2922 1073 2983 Sunt
1088 2922 1141 3003 qui
1162 2938 1240 2982 enm¹

68 3008 136 3065 noir
164 3000 329 3074 Valerium,
350 3003 401 3065 sed
421 3004 569 3063 laberium
596 2998 774 3063 Valentinum
796 3000 963 3083 appellent.

120 3082 253 3146 Valeriae
274 3082 417 3175 de'hujus
439 3082 575 3148 Oratione
593 3084 631 3145 ad
642 3082 845 3153 Volumniam,
858 3078 1015 3144 Coriolani
1022 3100 1145 3146 matrem
1158 3081 1237 3147 Plus.
1355 3110 1360 3121 ·

68 3167 108 3227 in
129 3162 299 3227 constent.
1163 3199 1167 3205 =

120 3244 265 3318 Valerius,
286 3244 425 3315 Aedilis,
447 3263 480 3307 et
499 3246 606 3307 Orator
634 3244 670 3307 ad
691 3246 834 3327 populum
853 3265 937 3305 teum
956 3244 1025 3329 egit
1038 3248 1078 3326 Q.
1103 3241 1244 3312 Flauium

72 3326 249 3470 θυιςῗὶηιι,
271 3328 322 3409 qui
350 3326 497 3391 absolutus
520 3324 579 3389 fuit
598 3327 637 3389 ob
658 3328 823 3389 violentum
845 3326 961 3388 dictum
973 3326 1174 3390 retunsona.
1195 3326 1242 3405 lta¹

107 3428 142 3468 a.
224 3422 270 3468 .s.
282 3428 307 3473 a.
319 3428 345 3467 t.

124 3487 257 3548 Valerius
276 3489 345 3568 (1,)
362 3484 372 3559 ’,
394 3489 636 3561 iurisconsultus,
659 3488 883 3551 commendatur
910 3508 927 3549 a
947 3488 1009 3551 Cic.
1030 3488 1064 3549 in
1091 3479 1185 3563 Epist.
1203 3482 1242 3548 ai

83 3570 217 3651 Appium
231 3568 386 3635 Pulchrum
399 3587 536 3653 tanquam
557 3590 633 3637 unus
653 3590 688 3631 ex
708 3572 827 3647 intimis
839 3566 1045 3631 familiaribus.
1059 3568 1138 3628 Vide
1151 3565 1243 3643 Epist.

82 3672 110 3710 a.
121 3652 169 3710 lib.
183 3651 322 3721 3.Femi1.
338 3652 454 3713 Indicas
468 3654 567 3723 etiam,
587 3650 698 3729 litteras
718 3652 755 3713 ab
774 3672 814 3731 eo
829 3651 984 3733 accepisse.
1004 3651 1051 3712 De
1063 3654 1125 3730 ejus
1137 3650 1244 3734 peritia

74 3733 114 3795 in
133 3733 204 3793 lure·
218 3732 354 3818 ambigue
374 3732 479 3799 scribit
495 3734 605 3794 Cicero
617 3732 659 3795 in.
671 3732 880 3815 mdempEpist.
1226 3784 1232 3794 .

122 3810 289 3877 Valerianus
343 3812 424 3875 Ptin.
438 3813 620 3890 putentur
635 3814 891 3885 (inmensitatem
910 3814 1157 3894 Empirieusante
1170 3824 1243 3878 teni·

19 3891 21 3896 s
72 3892 559 4061 maegaptlctipmt
578 3895 615 3956 cle
634 3915 667 3959 τι
683 3896 808 4031 medita,
828 3891 1019 3973 manahe
1038 3916 1080 3959 ex·
1095 3894 1245 3963 cebris
