3317 4817
106 452 204 534 rani..
228 442 342 539 §onera
362 458 427 539 teni
448 440 566 506 disserit
585 364 874 523 cieffeheiiemem
887 446 993 533 Ptinp.
1014 466 1062 530 e.,
1082 453 1133 519 ted
1156 396 1252 521 o⁷tfrit
1282 419 1285 427 ¹

103 522 484 682 ¹P⁸2422¹2ssf²ss¹fs¹ssjpjfffl
504 608 537 666 is
557 606 588 665 s,
900 574 904 581 ’
983 565 985 568 ’

146 684 272 743 Calidius
292 684 347 761 (L.
362 687 582 761 lul.).Poeta,
623 708 662 749 tio
681 689 889 777 elegantiorem
911 712 977 776 post
997 699 1254 769 Lieetmeicis

101 763 172 823 tulli
201 783 326 825 mortem
355 769 450 827 Roma
478 786 540 828 non
567 704 670 831 vidit.
691 775 735 833 lta
761 774 849 834 Corn.
870 777 970 857 Nepos
995 780 1030 836 iri
1056 779 1124 837 Vita
1142 781 1252 848 Attici.

103 848 225 925 Propter
245 851 305 924 ejus
325 850 464 907 eximiam
485 850 674 921 doctrinam,
696 870 725 912 tt
745 854 893 993 sinpilare
915 860 1088 941 ingenium,
1110 877 1143 919 ut
1163 882 1179 921 a
1200 880 1252 923 nti'·

101 945 183 984 mero
203 927 427 1008 proscriptorum
449 932 621 990 eximeretur
642 950 707 1011 post
727 934 825 993 Civie
845 934 1097 1001 bellimensis
1115 943 1249 1003 curavit.

102 1008 152 1065 ita
171 1006 262 1065 Corn.
283 1010 400 1089 Nepos.
421 1011 558 1071 Carmina
580 1012 681 1069 catilli
702 1032 763 1071 non
784 1033 955 1095 superstmt.

103 1114 108 1131 ι
149 1086 275 1145 Calidius
290 1114 301 1155 ·,
322 1092 446 1149 Ουτοι.
467 1092 512 1149 De
532 1110 567 1149 eo
586 1092 701 1152 Caelius
728 1095 765 1153 ad
785 1098 848 1155 Cic.
868 1097 890 1153 l.
910 1110 939 1155 a.
959 1096 1051 1172 Epist.
1069 1096 1165 1177 famil.
1185 1101 1252 1160 rcri-

101 1164 190 1225 iaelsst
201 1179 232 1221 :i
244 1167 370 1227 Calidius
382 1171 423 1227 in
444 1168 615 1231 defensione
634 1192 682 1233 sua
702 1169 761 1232 fnit
780 1175 938 1235 disertissr
958 1180 994 1238 iri
1012 1184 1194 1244 accnmtiont
1209 1202 1251 1243 ra·

103 1247 144 1306 tis
166 1242 289 1329 frigidus
309 1262 338 1305 ε
358 1252 428 1321 Non
450 1250 561 1343 liquet,
582 1270 618 1311 an
640 1253 667 1311 is
687 1253 727 1311 sit

149 1326 406 1391 Calidius,0iatot
420 1375 427 1399 ‚
441 1350 492 1413 qui
513 1350 564 1413 pio
585 1333 735 1394 erronis
755 1332 846 1393 domo
865 1337 960 1395 oravit
972 1378 980 1401 ‚
992 1355 1022 1398 et
1042 1359 1250 1405 memorarunt

98 1406 239 1485 Quintil.
260 1407 281 1465 l.
296 1428 340 1467 io.
355 1410 446 1468 lussit.
460 1412 542 1469 Orat.
564 1414 624 1472 Nec
644 1412 755 1495 liquet,
770 1434 868 1475 utrum
881 1416 921 1477 sit
932 1420 975 1477 M.
988 1420 1181 1488 Calidius,de
1191 1440 1250 1503 quo

99 1504 246 1625 tanquam
267 1486 304 1546 de
331 1490 470 1575 singulari
497 1493 579 1552 Orat.
601 1492 728 1587 loquitur
748 1496 810 1555 Cic.
838 1498 874 1555 in
891 1496 985 1557 Bruto
1003 1545 1012 1570 ,
1032 1504 1091 1563 nisi
1117 1505 1198 1585 quod
1218 1505 1253 1563 in

101 1578 140 1625 'eo
164 1568 308 1661 'esidetat
324 1572 396 1641 rim,
408 1588 493 1654 atque
513 1589 736 1635 contentionem
756 1577 794 1636 ad
814 1578 1016 1641 movendum.
1036 1586 1151 1643 ilerum
1168 1586 1253 1643 Orat.

103 1646 283 1803 descipiigula
295 1681 375 1803 (ὁ),
390 1732 499 1789 Caesar,
511 1724 680 1778 Germanici
702 1722 896 1775 liliuminter
909 1740 993 1772 iratus
1011 1712 1171 1772 secundum
1190 1710 1257 1771 sie

100 1806 224 1864 ionium
245 1850 252 1874 ,
272 1808 387 1867 Tiberii
407 1808 552 1864 Successor
571 1796 604 1853 in
626 1795 712 1851 Rom.
734 1794 882 1871 Imperio.
902 1792 1039 1871 Princeps
1070 1793 1162 1850 initio
1181 1793 1258 1871 opti·
1319 1853 1321 1858 ,

63 1879 65 1883 ”
102 1904 171 1933 mus
185 1908 191 1931 t
205 1889 304 1952 postea
324 1889 487 1931 monstrum
509 1874 662 1938 saevitiae,
675 1889 704 1929 et
723 1870 942 1950 impudicitiae.
956 1874 1012 1929 Pro
1021 1873 1150 1940 Rostris,
1163 1872 1257 1931 adhuc

105 1957 323 2020 Praetextatus,
345 1952 475 2012 laudavit
494 1946 608 2009 funebri
630 1950 710 2007 Orat.
723 1953 871 2030 proaviam
891 1952 1007 2010 Liviam
1028 1949 1195 2011 defunctam
1207 1998 1216 2022 ,
1229 1968 1261 2011 et

106 2052 209 2115 postea
228 2032 401 2093 Tiberium.
421 2031 611 2111 Eloquentiae
632 2029 791 2109 plurimum
812 2031 947 2095 studuit,
966 2048 996 2088 et
1014 2032 1164 2100 attendit,
1184 2049 1259 2093 teste
1344 2061 1357 2075 ·

102 2118 185 2173 Suet.
201 2114 234 2172 in
255 2118 315 2191 ejus
335 2115 396 2173 rita
416 2133 440 2171 c.
459 2132 489 2187 ς]
502 2136 509 2174 ;
524 2110 689 2169 eruditioni
707 2112 886 2169 minimum.
908 2112 1017 2169 Verum
1038 2115 1103 2170 sine
1122 2114 1260 2189 eruditio·

101 2204 148 2253 'ne
169 2194 219 2252 iix
240 2190 301 2251 fieri
323 2210 433 2275 potest,
454 2208 487 2251 ut
508 2190 573 2271 quit
593 2190 729 2271 eloquens
749 2191 804 2249 sit.
827 2191 952 2259 Lenius,
974 2194 1175 2273 comptiusque
1195 2194 1260 2254 scri·

106 2273 202 2333 bendi
221 2292 311 2355 genus
330 2270 556 2339 contemnebat,
573 2287 602 2329 et
623 2271 747 2350 pessime
767 2270 803 2330 de
815 2273 935 2351 Scriptis
954 2271 1077 2331 aliorum
1091 2272 1258 2349 judicabat.

106 2357 142 2416 L.
156 2356 276 2412 Senecae
289 2355 397 2435 Scripta
418 2370 533 2413 arenam
555 2350 617 2409 sine
637 2350 712 2410 calce
732 2351 911 2430 appellabat,
929 2368 963 2425 et
981 2357 1017 2413 T.
1026 2355 1146 2413 Livium
1167 2354 1259 2413 abolo-

94 2442 140 2493 te
159 2432 322 2515 cogitavit.
342 2434 420 2495 Illud
440 2434 516 2491 inter
545 2432 698 2490 innumera
728 2432 926 2491 crudelissima
942 2476 951 2501 ,
970 2451 1001 2491 ct
1027 2434 1261 2513 impudicissime

107 2510 187 2573 facta
206 2532 254 2573 sua
274 2515 308 2572 iii
328 2535 363 2573 co
383 2514 506 2597 dignum
527 2511 636 2578 laude,
658 2510 736 2591 quod
768 2511 945 2571 delatoribus
963 2534 1043 2573 aures
1064 2533 1127 2572 non
1147 2515 1259 2594 praebe·

106 2592 185 2662 liat,
204 2610 257 2652 nec
277 2594 318 2654 eis
338 2593 425 2655 fidem
447 2583 582 2660 habebit,
604 2592 723 2650 dicens:
737 2612 766 2650 se
786 2590 866 2650 nihil
883 2593 1055 2658 admisisse,
1075 2593 1114 2653 ob
1133 2596 1212 2675 quod
1222 2596 1260 2654 de
1352 2604 1355 2608 ’

109 2690 144 2733 ee
169 2674 314 2755 quispiam
336 2675 410 2734 male
429 2672 458 2731 lo
479 2674 696 2753 ui,p0sset,seu
713 2672 761 2731 cui
781 2692 841 2731 esse
860 2674 1219 2753 possetinrisus.Vtrum
1233 2676 1266 2734 il·

108 2754 139 2813 le
159 2754 271 2813 interea
290 2756 332 2815 ita
353 2775 382 2815 se
401 2693 514 2837 genezar
534 2754 566 2809 iii
588 2753 715 2832 Imperio
728 2793 736 2820 ,
750 2768 783 2810 ut
794 2754 957 2833 Veriniano
973 2754 1048 2828 ,odio
1067 2772 1170 2813 omnes
1190 2774 1258 2814 eum

110 2852 372 2913 prosequerentur.
390 2835 523 2893 Tandem
544 2829 618 2891 fetro
637 2830 773 2893 occubuit
793 2851 840 2891 an.
853 2850 936 2891 natus
958 2855 1005 2905 ²9·
1019 2853 1066 2892 an.
1077 2831 1191 2892 Christi
1211 2854 1259 2905 41.

111 2914 276 2993 Imperavit
295 2916 444 2984 triennio,
465 2931 495 2973 et·
518 2933 563 2972 10.
588 2913 758 2981 mensibus,
778 2911 938 2992 diebusque
959 2922 986 2973 8.
1006 2915 1052 2973 Ita
1071 2916 1147 2973 Suet.
1168 2933 1191 2971 c.
1214 2934 1261 2984 59.

112 2994 170 3072 qui
192 2992 274 3051 addit
294 3013 317 3051 c.
343 2994 403 3051 Uli.
425 3011 559 3053 notarum
580 2994 839 3071 observatumque,
860 2995 990 3053 Caesares
1013 3011 1139 3062 omnes,
1159 2992 1266 3075 quibus

113 3070 171 3151 cij
191 3090 365 3153 praenomen
385 3074 516 3134 inditum
531 3071 589 3133 fuit
601 3118 609 3143 ,
621 3071 693 3132 fetro
706 3074 822 3153 periisse
833 3078 892 3149 jiim
911 3075 981 3133 inde
1000 3074 1036 3133 ab
1055 3092 1100 3144 eo,
1120 3076 1171 3154 qui
1191 3076 1263 3134 Cin·

112 3152 205 3211 nanis
224 3152 402 3233 temporibus
420 3151 479 3227 iuit
499 3155 629 3215 occisus.
652 3155 784 3222 Domus,
804 3154 838 3211 in
858 3174 914 3235 qua
932 3154 1083 3224 occubuit,
1113 3157 1266 3216 nocturnis

112 3231 273 3293 terroribus
293 3230 429 3294 infestata
450 3232 507 3293 luit
527 3234 619 3294 donec
639 3254 702 3293 cain
724 3234 802 3323 ignis
820 3232 997 3316 absumpsit.
1019 3234 1112 3295 Periit
1132 3254 1197 3294 cum
1211 3235 1264 3308 Ca·

107 3314 144 3392 jo
165 3331 239 3371 uxot
259 3314 420 3383 Caesonia,
442 3336 458 3375 a
478 3316 658 3374 Centurione
678 3316 826 3383 conlossa,
850 3332 880 3374 et
899 3313 958 3374 filia
979 3315 1082 3395 parieti
1102 3314 1197 3375 allisa.
1219 3318 1266 3375 De

103 3392 274 3468 'Caligulae
291 3393 467 3475 prodigiosis
487 3396 620 3475 expensis
639 3405 706 3453 com
726 3394 896 3473 imperaret,
911 3395 987 3453 uide
1006 3397 1082 3453 Suet.
1093 3395 1128 3454 in
1148 3396 1181 3455 C.
1194 3395 1286 3454 Caii·-

112 3473 210 3550 gula.
232 3474 311 3533 Intra
332 3492 441 3532 annum
463 3476 563 3533 Vicies
583 3473 796 3556 septiesmillies
821 3476 990 3549 Sestertium
1014 3474 1194 3555 absumpsit:
1214 3477 1269 3536 itii·

116 3571 237 3611 mensas
256 3572 324 3633 opes
344 3574 360 3612 a
379 3554 500 3613 Tiberio
519 3555 671 3623 collectas.
1195 3634 1198 3637 ᾗ
1303 3609 1305 3611 ,

162 3630 373 3702 Callimachus,
386 3635 474 3693 Poeta
494 3634 622 3705 Umber,
636 3654 722 3717 quem
744 3634 913 3696 Romanum
932 3652 1017 3697 vocat
1037 3634 1202 3715 Propertius
1212 3634 1267 3703 lib.

116 3734 151 3785 4.
166 3711 284 3795 Eleg.1.
670 3733 676 3749 ·
843 3783 846 3789 Ι

289 3792 402 3851 Umbria
422 3794 543 3853 Rotnani
557 3795 654 3868 patria
675 3792 843 3854 Callimachi

44 3884 48 3889 “
113 3872 210 3933 Hunc
251 3890 302 3931 uto
322 3872 411 3933 alium
432 3871 556 3934 fuisses
586 3875 778 3944 Callimacho,
801 3876 852 3959 qui
883 3874 921 3936 de
948 3876 1038 3939 Sacris
1063 3876 1274 3964 antiquorum.

113 3956 206 4035 Opus
243 3954 300 4013 etia
318 3953 494 4037 inscriptum
515 3954 633 4023 edidit;
653 3956 735 4038 quod
750 3958 836 4040 Opus
855 3955 945 4019 desid.
1041 3982 1109 4097 ιιι
