3317 4817
501 325 539 381 arr
1011 307 1071 368 Ob

451 388 491 447 ad
513 406 586 468 quos
604 384 765 448 audiendos
785 383 1058 471 magui-concursus
1077 383 1201 450 iebant.
1220 386 1334 452 'rami
1348 404 1376 450 r.
1397 387 1474 450 Am.
1495 406 1596 458 narrat.

454 468 510 526 sub
529 468 650 528 Tiberio
669 491 750 550 supet
769 474 896 550 quodam
916 471 1039 550 argutio
1059 467 1171 528 habitas
1192 487 1240 547 4²·
1264 470 1429 531 Orationes.
1451 474 1559 531 Romae
1571 471 1596 528 li·

456 549 537 608 rebat
557 549 629 618 Reo,
652 571 681 608 se
701 553 845 612 Oratione
864 547 1015 610 defendere
1028 549 1126 630 ,quod
1147 541 1275 609 Athenis
1293 553 1464 632 permissum
1494 571 1553 610 non
1575 571 1596 608 t·

452 643 518 688 rat.
539 631 643 690 Cicero
660 632 694 689 in
714 631 808 690 Bruto
827 634 998 699 innumeros
1015 650 1142 694 recenset
1164 631 1318 701 Oratores,
1334 653 1351 695 a
1371 635 1467 696 Roma
1486 632 1596 706 condita

455 710 493 772 sd
514 731 563 769 sua
583 727 738 790 tempora·
760 715 1055 781 Patauissensium
1074 712 1112 771 ad
1133 713 1325 782 Antonium,
1343 731 1374 772 et
1394 716 1527 775 Crassum
1546 713 1596 772 ait:

445 787 508 848 bos
521 792 654 850 Oratores
666 789 982 860 fuissemrtxinroszet
1002 795 1036 854 in
1056 791 1104 854 bis
1122 795 1252 874 primum
1273 815 1339 856 cunr
1354 796 1529 856 Graecorum
1547 792 1597 876 glo

442 873 496 928 «tia
508 872 614 932 Latine
633 872 757 932 dicendi¹
772 877 887 956 copiam
907 895 1075 956 aquatam.
1095 877 1191 946 Initio
1211 896 1308 936 autern
1328 877 1377 934 lib.
1390 898 1416 934 1.
1429 877 1594 958 paucitatem

448 961 603 1032 exaggerat
619 952 788 1014 Oratorem.
807 959 850 1016 Et
865 956 919 1016 sub
937 975 1058 1036 pesona
1078 958 1173 1016 Crassi
1192 957 1296 1017 eodem
1316 959 1364 1014 lib.
1379 979 1406 1016 1.
1417 958 1546 1038 loquitur
1567 955 1596 1014 dt

442 1032 546 1099 sutba,
561 1050 592 1091 et
602 1031 727 1094 barbarie
744 1032 856 1096 ,forensi
867 1083 875 1105 ,
886 1057 958 1116 quae
972 1037 1068 1096 locum
1077 1037 1167 1096 ⁴dabat
1180 1037 1298 1096 vitiosis
1312 1039 1494 1096 Oratoribus.
1510 1039 1593 1116 Quae,

451 1111 541 1170 velim
560 1153 571 1176 ,
588 1131 650 1170 non
671 1111 786 1196 fugiant
806 1137 877 1182 eos,
896 1119 947 1196 qui
970 1134 1093 1196 putant,
1115 1119 1269 1177 Ciceronis
1292 1139 1367 1200 aevo
1389 1121 1526 1178 Latinam
1548 1119 1596 1176 lin·

446 1211 533 1273 guam
552 1192 619 1250 sine
639 1200 740 1276 nassis
758 1193 865 1268 baisse.
881 1216 914 1260 „et
934 1200 1095 1273 Litteratos
1112 1218 1217 1258 omnes
1242 1200 1307 1257 siue
1327 1199 1475 1266 barbarie,
1497 1221 1528 1259 ac
1550 1199 1596 1258 ele·
1635 1262 1636 1267 .

444 1290 548 1351 gauter
566 1275 673 1333 Latine
690 1275 816 1346 dixisse,
830 1279 884 1340 ‚vel
892 1280 1069 1356 scripsisse.
1090 1281 1136 1340 De
1156 1276 1321 1356 forensibus
1341 1279 1524 1347 Oratoribus,
1539 1283 1592 1340 sire
1635 1272 1636 1281 ’

444 1353 624 1413 Caussidicis
643 1375 709 1415 suae
723 1359 835 1417 aetatis
899 1375 953 1416 um
973 1358 1132 1420 horrorifice
1153 1361 1182 1422 lu
1204 1362 1281 1420 uitur
1302 1360 1483 1420 Columella.
1496 1360 1595 1440 Apule-

443 1451 492 1509 Jus
509 1446 608 1490 autem
632 1455 683 1489 sas
702 1436 881 1500 Theoninm
905 1429 1129 1504 entemordet,
1146 1449 1194 1487 ma
1239 1440 1334 1486 mults
1355 1441 1391 1487 de
1408 1443 1453 1500 eis
1474 1442 1589 1502 dicens:

443 1531 518 1591 quae
535 1510 657 1570 arbitror
676 1512 925 1593 intelligendsrde
939 1509 1126 1593 ,ignobilibus
1144 1554 1152 1579 ‚
1171 1509 1299 1601 epanale
1324 1511 1443 1569 moratis
1462 1517 1594 1569 Etnnrcis

449 1592 629 1652 Caussiditis
648 1591 1023 1674 illiusaevi,1qrros'Ciceru
1035 1591 1159 1653 Rabulas
1179 1589 1354 1670 appellabat}
1376 1594 1453 1650 Nam
1465 1592 1499 1648 in
1512 1592 1592 1650 omni

435 1671 601 1741 beultate,
620 1676 810 1754 quamtumvis
828 1693 943 1745 sanem,
956 1692 987 1731 et
1005 1673 1118 1738 nobilis
1136 1692 1169 1730 ea
1189 1674 1230 1728 sit
1241 1714 1248 1737 ‚
1261 1690 1329 1728 nou·
1344 1671 1451 1730 desunt
1471 1673 1593 1732 nonnul-

441 1753 469 1811 ·li
490 1753 558 1812 mali
578 1756 736 1814 commatis
744 1753 942 1814 Professores.
962 1755 1047 1812 Vitia
1068 1753 1152 1812 ualde
1171 1751 1329 1832 indecoros,
1351 1769 1451 1811 notata
1471 1751 1507 1811 ab
1520 1760 1594 1833 Apu·

437 1831 518 1910 lejo,
535 1830 632 1894 fotum
651 1854 829 1914 occuparunt
840 1853 916 1915 ,post
934 1834 1099 1916 abrogatam
1120 1833 1213 1914 legem
1223 1832 1376 1890 Cinciam:
1398 1834 1529 1901 Etenim,
1552 1835 1592 1892 ri-

439 1915 613 1997 ·gente1ege
634 1912 697 1984 lrac,
717 1917 852 2000 Oratorir
869 1913 993 1974 forensis
1008 1917 1078 1975 sine
1099 1910 1263 1976 fraudibus,
1276 1930 1305 1971 et
1324 1915 1462 1982 avaritia,
1484 1932 1517 1972 ut
1538 1916 1594 1996 plu·

443 1997 554 2054 simum
574 1995 756 2055 exercebatur
775 1994 962 2056 amabilibus
980 1993 1173 2060 Oratoribus.
1202 1993 1282 2059 lllud
1301 2013 1394 2052 unum
1421 1996 1456 2053 in
1475 1995 1538 2053 illis
1555 2016 1594 2053 re·

442 2074 636 2155 prehensione
654 2077 778 2158 dignum
791 2119 799 2142 ,
810 2076 893 2158 quud¹
910 2075 1020 2138 acerbis
1038 2076 1185 2142 nimium,
1198 2093 1229 2132 et
1246 2074 1469 2154 contumeliosis
1490 2075 1595 2141 verbis,

444 2172 530 2235 atque
550 2156 683 2216 dicteriis
707 2176 878 2226 uterentur,
897 2176 928 2216 et
947 2157 1027 2238 quod
1053 2157 1128 2237 apud
1150 2153 1291 2235 populum
1312 2155 1402 2214 dictis
1430 2175 1530 2236 parurn
1553 2179 1592 2215 ur·

444 2236 544 2305 banis,
565 2229 595 2296 e‘t
616 2237 779 2298 maledictis
798 2241 940 2307 etiam,se
960 2239 1091 2299 invicem
1107 2236 1285 2313 ,lacerarent3
1305 2237 1408 2295 Cicero
1428 2256 1492 2294 non
1512 2237 1593 2296 dissi-

438 2317 559 2380 ·mulat‘.
575 2318 608 2377 in
628 2336 811 2388 mortuorum
844 2319 1063 2380 laudationibus
1089 2314 1159 2388 falsa
1180 2317 1327 2376 multaab
1347 2317 1515 2400 Oratoribus
1535 2318 1591 2375 dici

443 2397 530 2456 solita
544 2403 552 2463 ,
564 2416 601 2453 err
620 2397 727 2478 quibus
746 2401 879 2458 Romana
892 2401 1025 2458 Historia
1046 2395 1120 2458 facta
1140 2397 1309 2456 mendosior
1322 2443 1331 2455 .
1342 2400 1379 2456 ln
1394 2397 1454 2456 illis
1470 2417 1600 2478 mamque·

441 2473 518 2560 falsi
530 2478 694 2537 consulatus
706 2519 716 2544 ,
729 2477 821 2540 balaae
840 2482 1134 2564 consanguinitates,
1154 2497 1185 2537 et
1204 2478 1360 2538 subdititia
1380 2479 1495 2559 generis
1516 2479 1593 2536 nobi-

431 2556 509 2638 litas
527 2557 567 2616 ob
586 2560 743 2619 nominum
763 2561 993 2622 similitudinem
1013 2581 1098 2640 saepe
1122 2559 1279 2618 ambitiose
1297 2558 1335 2617 de
1355 2559 1483 2618 Plebeiis
1504 2578 1590 2618 narra-

426 2637 547 2698 ·bbant‘ur
566 2640 600 2697 in
620 2637 822 2702 defunctorum
850 2642 1141 2710 commendationem
1162 2684 1169 2699 .
1198 2641 1379 2700 Graecorum.
1395 2639 1590 2720 eloquentiam

442 2719 547 2780 multis
564 2721 598 2778 in
618 2720 692 2780 loeis
710 2722 807 2782 laudat
826 2723 966 2787 Tulliust
986 2724 1071 2782 addit
1098 2739 1219 2789 tamen,
1239 2719 1339 2801 quod,
1359 2722 1428 2802 quia
1457 2740 1593 2801 compres-

429 2801 526 2860 sione
544 2822 639 2862 retum
659 2803 760 2864 breves
777 2804 931 2874 erant,ob
949 2824 1013 2864 earn
1032 2822 1160 2865 caussam
1180 2801 1329 2862 interdum
1350 2801 1518 2862 subobscuri
1529 2821 1592 2862 eva·

442 2883 574 2942 debant.

483 2963 638 3038 Orbilius(
651 2963 825 3046 Pupillus),
840 2967 1056 3027 Grammaticus
1068 3006 1077 3030 ‚
1089 2985 1180 3045 quern⁸
1196 2964 1346 3031 Horatius,
1365 2965 1429 3038 ejus
1449 2962 1592 3029 alumnus,

439 3042 599 3118 Plagosurn'
617 3059 717 3104 vocat.
738 3047 844 3106 Edidit
862 3047 970 3108 librum
992 3047 1168 3126 inscriptura
1188 3045 1378 3122 Perialogos,
1402 3043 1448 3101 vel
1468 3065 1502 3102 ut
1524 3043 1591 3102 aliis

430 3124 735 3204 'plaeeeAetialogos
755 3129 826 3186 Erat
843 3128 934 3187 acerbi
957 3129 1093 3210 ingenii,
1110 3146 1142 3184 et
1163 3129 1290 3206 procacis
1310 3127 1425 3208 linguae
1445 3127 1533 3183 etiam
1556 3124 1589 3181 in

437 3205 518 3262 viros
537 3205 647 3264 Romae
668 3207 839 3286 primarios.
860 3212 898 3268 ln
918 3213 1025 3269 Caussa
1044 3208 1168 3289 quadam
1189 3225 1309 3266 vocatus
1327 3209 1361 3265 in
1374 3224 1479 3266 testem
1492 3247 1499 3268 ‚
1510 3225 1541 3264 et
1554 3205 1590 3262 de

390 3334 391 3339 ,
425 3282 615 3366 professione
640 3289 834 3371 interrogatus
852 3310 869 3348 a
888 3291 1011 3354 Iudice,
1030 3290 1080 3348 cui
1111 3289 1232 3370 ignotus
1263 3304 1345 3357 erat,
1364 3285 1538 3366 respondit,
1562 3303 1591 3344 se

434 3365 539 3447 gibbos
565 3369 599 3425 in
617 3369 684 3426 Sole
711 3365 811 3430 fricare
837 3369 980 3430 solitum.
1008 3371 1054 3428 lta
1073 3372 1163 3429 Matr.
1182 3371 1212 3425 irt
1230 3367 1345 3426 Satura.
1364 3367 1414 3425 lib.
1428 3390 1462 3438 .2·
1484 3365 1588 3424 Paullo

428 3445 518 3504 ⁴aliter
538 3449 570 3506 id
592 3467 687 3509 narrat
705 3453 784 3509 Suet.
803 3451 840 3508 de
857 3451 908 3512 Ill.
928 3451 1054 3512 Gratum.
1073 3450 1162 3509 Obiit
1182 3453 1295 3508 Rornae
1314 3447 1398 3509 valde
1417 3467 1538 3528 pauper,
1558 3465 1589 3505 et

388 3532 396 3539 '
426 3530 494 3603 *ejus
515 3527 604 3588 Cives
623 3532 823 3590 Beneventani
854 3549 978 3592 statuam
998 3532 1026 3588 ei
1047 3530 1239 3603 dedicarunt.

474 3607 613 3672 Orbilius,
635 3612 831 3690 praecedentis
850 3613 965 3683 bilius,
978 3613 1141 3676 Grammat.
1162 3607 1357 3692 professione.
1390 3612 1438 3670 Ita
1455 3610 1532 3668 Suet
1549 3607 1588 3666 de

434 3687 471 3743 de·
488 3689 585 3748 illust.
606 3692 732 3748 Gratum.

420 3783 423 3802 ²
475 3767 577 3828 Orbius
595 3773 681 3848 (Ρ),
694 3773 848 3855 Ciceronis
866 3770 923 3832 fere
941 3773 1086 3853 aequalis,
1102 3774 1135 3832 iu
1155 3771 1282 3844 dicendo
1302 3792 1403 3853 patum
1424 3769 1589 3830 exercitus.

430 3847 541 3907 Netum
554 3897 561 3916 ‚
576 3853 610 3910 in
630 3851 706 3913 Juris
726 3856 793 3913 Ciu.
812 3858 937 3915 scientia
952 3899 960 3924 ,
978 3860 1015 3916 T.
1035 3855 1176 3916 Iuventio
1196 3872 1259 3914 non
1278 3851 1422 3920 inferior,
1440 3855 1520 3931 cujus
1543 3851 1590 3910 di·

421 3928 503 4008 ssip.
523 3932 557 3990 in
576 3933 644 4004 lure
662 3932 775 3996 fuerat.
796 3939 844 3997 Ita
862 3939 928 3998 Cic.
945 3937 981 3997 in
1000 3936 1112 4005 Beato.
