3317 4817
616 383 676 450 GR
1128 397 1182 455 161

83 470 223 552 ficariam,
233 466 285 554 qui
305 463 341 531 ed
349 461 577 532 Grammatittm
597 467 720 548 spectat,
731 464 765 533 in
778 467 908 548 Oorpore
921 465 1137 532 iurisinreniti
1149 513 1157 528 .
1169 472 1231 532 Nec

88 555 230 614 immerito
251 552 465 612 Grammaticae
485 565 680 630 praeceptores
697 548 731 606 in
751 546 861 608 honore
880 561 977 610 mant:
991 557 1059 631 quia
1079 553 1230 612 Gramma·

88 635 138 693 tica
156 652 199 694 est
210 630 435 692 fundamentum
455 630 591 710 omnium
612 627 843 709 disciplinarum,
863 625 971 711 haeque
989 628 1134 701 infantes,
1154 631 1229 690 elin·

86 733 168 798 grtes,
190 729 219 772 et
237 711 369 772 barbatae
388 712 451 771 sine
471 709 669 782 Grammatice
688 711 898 788 etsentzQuae
917 710 1036 790 quidem
1056 731 1115 778 ars,
1136 728 1169 769 ut
1189 729 1229 768 re·

47 803 50 810 '
86 811 126 851 cte
144 793 275 870 Quintil.
286 793 334 850 lib.
348 812 375 850 a.
390 791 459 848 lnsr.
473 787 553 848 Orat.
573 789 644 869 plus·
657 787 742 848 habet
761 783 925 849 in·recessu
940 809 1045 869 ,quam
1057 787 1154 851 fronte
1166 808 1228 869 pro·

87 873 180 932 mittat
193 914 201 930 .
214 875 241 932 T
243 871 353 932 rivialis
373 871 497 930 scientia
517 867 679 938 dicebatur,
721 871 768 930 uia
781 871 893 928 Rornae
910 871 946 929 in
965 871 1064 930 triniis
1084 869 1227 934 Gramm-

85 953 193 1009 ricorum
213 949 326 1012 scholae
340 953 424 1011 ¹sitne
442 967 546 1018 erant,
568 966 602 1008 ut
620 885 757 1009 omnibus
777 962 925 1032 paterent.
946 951 1037 1011 tanne
1054 950 1145 1012 etiarn
1166 946 1228 1006 dici

122 1049 175 1092 test
195 1033 232 1091 ad
246 1034 402 1112 superiores
421 1029 591 1110 disciplinas
603 1051 610 1088 z
622 1048 674 1089 nec
689 1030 846 1112 indiguum
865 1031 942 1090 cutia
954 1032 1013 1094 suis
1025 1030 1141 1110 putarit
1151 1028 1226 1087 oiim

85 1049 250 1172 gisnensis
270 1115 423 1193 supremus
442 1114 577 1179 Senatus,
598 1129 685 1190 quem
705 1109 918 1170 Parlamemum
937 1128 1042 1171 vocant
1054 1153 1063 1177 ‚
1075 1109 1112 1168 de
1124 1109 1229 1174 Grani,-

87 1193 198 1250 maticis
228 1191 271 1268 (a)
290 1189 360 1251 ferre
387 1192 583 1264 sententiam,
605 1191 692 1250 utin
720 1189 799 1248 Petri
818 1191 906 1251 Rani
928 1190 1007 1250 Gelli
1028 1187 1172 1269 Operibus
1191 1187 1227 1244 in
1319 1237 1322 1243 ,

88 1271 227 1350 Hispania
247 1271 272 1329 le
293 1273 320 1329 i.
342 1273 539 1331 Grammatico
559 1266 779 1350 Philosophica,
801 1281 892 1350 q'uam
906 1270 984 1331 inter
1004 1269 1162 1331 desiderata
1181 1285 1230 1346 po·
1306 1287 1309 1292 ·

83 1350 129 1406 nit
142 1353 217 1410 Buco
229 1366 256 1408 a'
285 1351 424 1420 erulunio,
437 1353 571 1410 nondum
584 1368 635 1410 est
654 1351 776 1422 invente
787 1392 795 1419 ‚
808 1350 942 1430 quamuis
960 1347 1118 1427 nonnullae
1130 1348 1232 1408 Gram-
1256 1389 1268 1403 -.

86 1431 205 1489 naticae
222 1427 280 1492 hoc
300 1430 389 1490 titulo
409 1433 471 1492 sint
493 1431 668 1513 inscriptae.
718 1485 722 1492 .
1179 1468 1183 1475 ·

123 1510 264 1578 Granius,
286 1511 418 1571 Medicus
430 1555 438 1581 ‚
459 1514 573 1582 citatus
585 1543 599 1569 a
625 1511 703 1571 Plin.
715 1513 736 1572 l.
745 1525 798 1572 as.
809 1509 850 1572 H.
862 1514 934 1578 Nae,

120 1589 265 1654 Granius,
284 1590 349 1651 bini
370 1591 506 1672 'ejusdem'
534 1591 667 1652 nominis
686 1593 842 1663 Oratores,
863 1587 986 1655 forsitan
1014 1592 1132 1658 frenes.
1149 1610 1228 1652 eccu-

87 1686 190 1729 ettotes
200 1669 391 1740 Pudentillae,
404 1673 523 1754 Apuleji
537 1673 635 1732 uxoris
646 1669 762 1732 fuerunt
775 1717 782 1732 .
794 1675 840 1737 tta
851 1675 939 1755 Apul.
951 1676 987 1737 in
1001 1675 1144 1751 Apologia
1164 1690 1230 1739 sua.

123 1749 302 1814 Gratianus,
319 1750 438 1822 Rhetor,
460 1753 544 1811 Alex.
557 1753 651 1812 Severi
661 1796 668 1821 ,
678 1754 768 1812 Rom.
779 1769 878 1834 postea
898 1757 974 1833 Imp.
984 1756 1134 1834 magister.
1148 1752 1231 1810 Lem·

82 1830 193 1908 pridius
212 1831 254 1887 uit
267 1845 479 1912 ‚suo'tempore
493 1834 577 1900 lectas
589 1835 651 1906 ejus
670 1831 901 1891 Declamationes
913 1877 922 1902 ,
932 1852 1005 1913 quae
1018 1847 1118 1892 nostro
1139 1827 1232 1888 desid.

20 1973 21 1978 η
81 1941 84 1945 1
120 1908 406 1992 Gratianus„1mper.
420 1915 505 1972 Rom.
519 1931 584 1972 vere
593 1909 760 1970 Catholicae
770 1929 814 1976 ‚et
826 1913 860 1970 iu
879 1911 955 1972 bello
966 1929 1116 1980 strenuus,
1130 1908 1232 1970 Velen-

79 1989 192 2046 tini'ani
212 1991 235 2046 l.
248 1986 343 2058 lilius,
365 1991 570 2052 Valentiniani
583 1993 629 2052 .il.
646 1988 731 2051 frater
741 1988 749 2060 ,'
771 1991 900 2050 Ausonii
917 1991 1161 2072 discipulusnon'
1176 1987 1235 2048 vul

78 2069 151 2148 garis
174 2067 344 2134 doctrinaet
365 2072 487 2132 cumub
508 2072 642 2130 Ausonio
661 2070 799 2129 didicerit
819 2073 949 2132 carmine
968 2073 1110 2154 eleganter
1130 2087 1235 2150 pange·

78 2165 115 2214 re,
129 2164 232 2205 ornate
252 2148 353 2228 loqui,
374 2169 403 2207 et
422 2153 630 2209 controversias
650 2169 810 2230 exponere.
831 2151 932 2212 Exstat
955 2151 1128 2229 ejuslpist.
1148 2149 1185 2208 ed
1203 2148 1232 2208 S.

79 2225 288 2309 Ambrosium,
309 2231 341 2285 in
362 2247 417 2309 que
437 2229 523 2289 fidem
546 2231 703 2290 Nicaenam
725 2250 755 2288 se
769 2231 919 2310 amplecti
947 2229 1113 2312 profitetur,
1135 2245 1164 2286 et
1192 2226 1231 2284 de

80 2306 163 2364 rebus
185 2307 298 2365 divinis
319 2308 469 2388 loquitur,
490 2326 523 2369 ut
543 2311 612 2389 ipsc.
625 2311 684 2378 ait,
699 2328 760 2368 non
780 2329 923 2390 quantum
943 2310 1060 2378 debuit,
1076 2308 1125 2368 sed
1144 2323 1234 2386 quan·

79 2403 144 2444 tum
167 2387 283 2466 potuit.
304 2390 476 2469 Magistrum
499 2410 581 2448 suunt
602 2388 760 2468 Consulem
780 2391 888 2450 creavit
909 2410 945 2450 cx
972 2388 1119 2448 Rhetote.
1142 2388 1235 2466 Prope

50 2465 54 2474 '
82 2466 274 2548 Lugdunum,
297 2487 312 2530 a
332 2469 480 2528 militibus
499 2471 559 2546 suis
579 2469 715 2538 desertos,
736 2471 769 2528 in
790 2471 885 2529 Ponte
895 2486 979 2549 supra
991 2467 1168 2527 Rhodanum
1188 2485 1239 2546 pet

83 2543 312 2628 Andragatiums
330 2547 432 2606 ducem
443 2549 570 2608 Maximi
580 2549 721 2628 Tyranni,
743 2545 800 2607 fuit
819 2552 945 2616 occisus,
961 2546 1126 2608 ademisti
1151 2555 1236 2622 3⁸t··

82 2627 189 2682 aetatis
210 2643 256 2682 en.
283 2634 328 2683 28.
355 2628 425 2702 Ejus
453 2628 549 2687 laudes
570 2629 638 2684 vide
667 2628 744 2706 apud
763 2630 876 2684 Auson.
896 2629 931 2683 in
952 2627 1112 2686 Gratiarum
1140 2623 1238 2682 Actio·
1285 2642 1287 2644 ’

80 2723 115 2760 rte
127 2721 182 2784 pro
195 2722 248 2762 suo
261 2704 421 2771 Consulatu
434 2723 482 2776 ‚Yet
502 2707 528 2764 S,
541 2707 730 2764 Ambrosium
750 2705 785 2762 in
804 2709 867 2781 ejus
877 2701 1000 2764 *funebri
1010 2707 1146 2765 Oratione
1157 2746 1164 2762 .
1174 2703 1236 2768 ,vi-

76 2781 115 2840 de
145 2785 238 2842 etiam
261 2785 288 2842 S.
309 2785 460 2844 Ambrosii
489 2785 567 2859 Opus
587 2786 621 2860 de
644 2785 717 2843 Fide
741 2783 778 2841 ad
805 2785 970 2854 Gratianum
999 2785 1078 2860 Aug.
1099 2787 1136 2842 ln
1160 2782 1236 2840 eod.

75 2859 193 2921 Theod.
206 2880 298 2922 exstet
318 2866 502 2946 Rescriptum
522 2865 678 2930 Gratiani,
697 2881 727 2925 ec
747 2862 882 2924 Valentis
901 2865 937 2922 in
966 2860 1095 2925 favorem
1123 2857 1236 2922 Profes-

75 2957 178 3001 sorum
200 2944 426 3012 Grammaticee‚
441 2965 477 3004 -ec
491 2943 682 3008 Rhetoricec,
702 2943 738 3002 ad
759 2939 848 3004 Praei.
858 2963 901 3023 pr.
913 2943 1092 3004 Galliarum.

66 3092 71 3096 ι
119 3022 269 3092 Gratius,
290 3025 378 3082 Poeta
406 3025 512 3084 Ouidii
538 3024 691 3104 aequalis.
712 3025 782 3100 Ejus
812 3021 998 3098 cynegeticon
1017 3061 1027 3088 ‚
1046 3043 1096 3084 seu
1126 3023 1160 3080 de
1188 3040 1257 3080 ve·-

46 3175 48 3186 ,
73 3102 194 3160 natione
221 3101 326 3160 Poena
352 3121 468 3168 exstat,
489 3103 538 3164 sed
565 3120 691 3163 extrema
718 3118 798 3182 parte
809 3103 978 3175 mutilum.
999 3104 1046 3162 De
1073 3122 1108 3164 eo
1131 3102 1234 3162 tuenti·
1274 3122 1276 3125 ’

73 3181 124 3239 nit
146 3181 245 3240 Ouid.
1021 3241 1025 3245 .

114 3263 144 3320 S.
160 3261 255 3338 Greg.
270 3305 279 3332 ,
296 3260 524 3341 Yltaamaturgus
543 3263 639 3335 dictus
658 3263 696 3322 ob
716 3262 852 3344 copiam,
872 3278 903 3324 et
917 3264 1126 3345 'praestantiam
1152 3262 1236 3321 mira·

51 3341 226 3413 eculanum,
238 3343 442 3404 Neocaesareae
450 3346 564 3406 Praesul
574 3340 766 3460 doctissafuit
773 3344 911 3430 Origenis
921 3344 1081 3428 discipulus
1088 3347 1236 3404 Caesareae

319 3535 352 3550 ι·
992 3534 994 3538 '
1212 3541 1217 3550 ο

1021 3617 1025 3625 ι
1156 3598 1168 3619 ““
1214 3618 1218 3623 .

114 3661 166 3740 (a)
192 3660 306 3738 Magna
325 3663 453 3740 lieinrer
472 3664 675 3726 Grammaticos
686 3666 791 3726 Gallos
808 3661 989 3736 terrebatur,
1008 3665 1065 3724 nisi
1076 3663 1184 3743 fallar,
1204 3663 1234 3720 in

73 3743 315 3818 pronunciatione
334 3744 583 3805 dictionum'Mihi
598 3791 606 3815 ‚
620 3763 647 3805 et
666 3748 761 3826 Quis:
787 3757 880 3806 terrum
900 3749 1007 3806 scilicet
1022 3747 1113 3820 prima
1133 3741 1237 3822 efferet·

71 3825 132 3890 da,
161 3838 196 3878 ut
215 3823 294 3892 Mn,
315 3843 351 3882 an
372 3841 403 3882 ut
423 3822 580 3895 Miki,et
600 3830 718 3889 secanda
738 3872 746 3897 ‚
767 3847 804 3886 an
824 3844 856 3886 ut
869 3829 967 3890 Cuid,
992 3825 1039 3886 rel
1060 3843 1093 3882 ur
1112 3827 1184 3893 Kis.
1203 3838 1235 3896 ,θ’
1279 3844 1282 3850 '

73 3903 300 3960 Parlamentum
321 3905 397 3962 litem
417 3906 545 3975 diremit,
566 3907 670 3971 auditis
687 3909 828 3983 partibus.
850 3907 906 3966 Sed
924 3905 991 3981 quid
1020 3905 1167 3966 deciderint
1182 3901 1240 3975 ,tiri

72 3981 126 4039 illi
151 3983 368 4120 sepientipsimit
388 3986 580 4063 ignor03nam
593 3987 678 4052 llami
692 3988 784 4064 Opera
804 3986 950 4050 Ferrariae
967 4007 1021 4049 non
1040 3987 1133 4044 inveni
1145 4025 1155 4044 a
1201 4037 1203 4042 .
1247 3994 1254 4005 '

201 4079 248 4120 ars
284 4105 291 4123 .
516 4098 520 4112 ·
605 4101 606 4106 κ
1053 4083 1075 4123 ²
