3317 4817
67 381 259 472 dignumque
284 389 408 454 Pacuvii
432 389 559 476 eleganti
580 311 761 454 Latllrltate.
781 344 827 455 lin
848 393 948 462 illuri,
967 393 1128 460 Naeviano.
1149 336 1237 460 :alde

67 470 241 532 dissimile:

239 553 439 628 Adolescens,
459 557 572 614 tametsi
583 576 731 634 properat,
752 556 804 616 boc
825 576 855 616 te
873 578 975 617 saxum
995 577 1096 636 rogat,

243 635 327 712 Quod
347 657 378 694 se
396 638 540 713 aspicias:
559 638 673 709 deinde,
695 641 767 716 quod
786 642 918 716 scripturn
937 658 1000 712 est,
1020 643 1124 718 legar.

238 716 299 775 Hic
317 737 381 777 rant
401 719 522 778 Pacuvii
543 717 639 778 Marci
658 720 715 779 rita
737 739 820 782 ossa.

224 798 306 864 ,noc
325 801 468 871 nolebam,
489 801 599 858 nescias
617 823 652 860 ne
670 821 761 861 ester.
787 803 845 861 an
865 847 873 861 .

28 933 30 940 ,
68 878 99 938 Α
122 879 258 938 Varrone
278 882 308 938 in
327 884 408 940 libris
425 885 460 940 de
479 883 580 959 lingue
600 883 702 941 Latina
724 903 804 964 saepe
824 883 973 942 Pacnoirtr
997 882 1123 943 citatur.
1146 880 1238 943 Obiit

70 963 293 1038 nonagenarius
312 965 452 1022 Tarenti.
475 964 554 1022 Plrn.
570 963 619 1022 lib.
633 986 681 1038 35.
693 979 855 1034 memorat,
873 967 1020 1024 Picturam
1043 964 1162 1021 Pacuvii
1182 981 1237 1022 suo

68 1055 210 1119 tempore
229 1063 400 1103 asservatam
421 1046 454 1102 in
475 1044 586 1123 templo
608 1045 739 1104 Herculis
762 1047 873 1104 Romae
892 1047 925 1103 in
945 1041 1011 1103 foro
1030 1038 1155 1103 Boario.
1169 1044 1237 1103 Cic.

68 1121 104 1176 tie
127 1122 204 1184 Nat.
215 1123 342 1182 Deorum
363 1126 383 1182 l.
397 1143 423 1180 2.
439 1145 504 1182 eum
526 1127 649 1196 Graium
671 1127 848 1206 vocat‚quia
867 1146 903 1185 ex
924 1145 1029 1206 magna
1040 1125 1160 1184 Graecia
1168 1121 1237 1189 ised

68 1203 183 1260 Latine
205 1202 393 1284 loquentem.
417 1208 486 1264 Non
508 1205 624 1288 liquet,
643 1225 680 1264 an
701 1206 780 1264 idem
801 1203 910 1270 fuerit,
930 1208 977 1264 rel
1007 1225 1042 1264 ex
1070 1205 1169 1264 eadem
1197 1200 1241 1262 fa·

66 1281 161 1339 milia
181 1281 327 1342 Pacuvius
339 1287 389 1344 ille
400 1326 407 1348 .
419 1287 471 1366 qui
492 1287 564 1344 flens
576 1289 649 1345 Ario
670 1287 772 1346 vicino
790 1307 844 1346 suo
863 1284 995 1346 dicebar:
1008 1284 1109 1344 Amice
1126 1287 1155 1339 in
1174 1283 1238 1336 lior·

67 1374 97 1418 to
120 1360 267 1439 infelicem
286 1367 409 1424 arborem
429 1367 537 1433 liabeo,
558 1369 594 1424 tle
610 1387 668 1442 quc
681 1369 775 1442 prima
794 1387 867 1424 uxot
884 1385 947 1424 mea
965 1386 995 1423 se
1015 1362 1179 1438 suspendit:
1191 1361 1238 1416 le·

67 1442 138 1499 inde
157 1447 297 1516 secunda,
318 1463 345 1504 et
364 1466 437 1504 nnnc
456 1447 559 1505 tertia:
579 1467 629 1506 cui
649 1449 863 1515 Adummim,
877 1447 992 1525 inquit,
1006 1463 1035 1502 te
1053 1445 1086 1500 ob
1107 1441 1176 1500 hoec
1196 1442 1239 1497 la·
1321 1476 1323 1482 ,

67 1542 188 1587 trymas
210 1522 338 1594 fondere,
360 1546 422 1583 curn
442 1527 546 1585 laetari
564 1529 692 1586 deberes.
714 1531 753 1586 Et
772 1529 899 1586 iterum:
919 1527 973 1583 Dii
993 1525 1056 1582 boni
1067 1569 1074 1592 ‚
1096 1538 1164 1598 quot
1183 1519 1236 1578 tibi

67 1593 219 1665 dispendia
239 1607 320 1658 arbor
338 1606 394 1653 isin
419 1609 557 1670 suspendit
570 1644 579 1662 ,
600 1623 630 1654 oe
658 1608 779 1654 eandem
797 1630 806 1642 ν
827 1607 950 1660 Amice:
969 1625 1016 1662 oro
1038 1622 1088 1662 te.
1108 1619 1142 1657 u!
1167 1600 1237 1658 milti

67 1673 223 1742 surculos,
242 1695 311 1750 qnos
330 1674 462 1756 inlitorto
480 1695 541 1732 meo
560 1694 670 1742 seram,
689 1675 756 1732 milti
776 1676 928 1750 largiaris,
949 1696 987 1732 ex
1007 1676 1114 1753 infelici
1128 1719 1137 1744 ,
1149 1696 1234 1750 quom

67 1753 277 1827 appellarint
298 1773 348 1812 tuo
368 1757 482 1814 arbore.
505 1755 583 1814 Vide
603 1755 664 1814 Cic.
677 1755 725 1812 lib.
740 1777 766 1814 2.
781 1755 815 1812 de
831 1755 939 1812 ‘Ornat
959 1775 994 1814 erc
1015 1754 1143 1834 quom
1163 1754 1239 1814 arbi·

67 1839 132 1891 iror
151 1877 159 1900 ‚
181 1835 258 1893 Cael.
273 1835 370 1896 Rhod.
382 1837 438 1895 late
458 1834 528 1896 haec
549 1852 664 1894 narrans
685 1834 733 1895 lib.
750 1855 794 1905 14.
808 1854 832 1893 c.
848 1855 893 1905 ¹4·
908 1836 972 1893 lect.
986 1836 1072 1911 antiq.

110 1912 296 1986 Paedinnnr,
312 1919 417 1976 Orator
429 1961 439 1985 ,
451 1917 568 1996 scripsit
586 1916 623 1975 de
643 1915 851 1981 Divinatione,
862 1932 891 1973 rt
903 1916 985 1975 Orat.
998 1913 1103 1975 habuit
1121 1934 1173 1996 pro
1187 1917 1234 1976 M.

67 1997 199 2057 Scauro.
218 2000 345 2079 ignoro,
366 2017 404 2057 an
425 1998 450 2056 is
471 1993 560 2056 fuerit

109 2075 279 2134 Paedinnur
297 2078 314 2152 (
331 2079 476 2138 Asconius
493 2080 524 2156 )‚
537 2081 635 2137 Patav.
646 2077 939 2160 Grammegreginr.
958 2076 1081 2159 Virgilii
1100 2075 1232 2145 amicus,

67 2157 106 2215 de
127 2177 190 2236 quo
211 2159 245 2217 in
266 2159 382 2216 Eusebii
402 2158 501 2218 coron.
515 2159 646 2230 dicitur,
665 2179 732 2217 eum
754 2157 841 2216 fuisse
862 2160 973 2218 Histor.
987 2202 995 2226 ,
1009 2175 1040 2216 et
1055 2157 1172 2216 lumine
1191 2175 1237 2214 or·

66 2238 177 2296 barum
191 2283 199 2297 .
212 2241 333 2320 Scripsit
355 2239 503 2298 Commeat.
515 2239 543 2296 in
564 2238 640 2316 Wrg,
649 2285 657 2308 ‚
666 2256 697 2298 et
715 2242 747 2298 in
760 2238 908 2296 Orationes
922 2239 1006 2297 Cicer.
1020 2239 1133 2297 Horum
1156 2236 1237 2294 Corn.

68 2336 172 2376 menet.
188 2339 319 2400 partem,
339 2339 413 2401 quae
431 2337 548 2390 exstat,
569 2322 610 2379 Po
651 2321 683 2377 io
702 2320 1001 2400 debemus.18cripsit
1027 2319 1119 2375 Vitam
1140 2315 1239 2374 Sallu-

66 2401 136 2465 stii,
158 2406 242 2477 cujus
262 2403 401 2460 meminit
422 2401 520 2460 Acron
542 2402 576 2459 in
598 2341 749 2459 Cgrrgmnrent.
762 2402 799 2458 at
811 2399 927 2459 Horatii
938 2399 1002 2458 Sat.
1016 2420 1041 2456 r.
1053 2398 1101 2455 tit.
1114 2419 1140 2455 r.
1152 2400 1233 2456 Haec

73 2480 151 2539 Vita
168 2480 261 2540 desid.
282 2481 372 2540 Obiit
398 2481 453 2541 sub
477 2484 617 2545 Nerone,
637 2501 668 2540 et
695 2483 775 2540 vixit
799 2500 850 2539 an·
869 2490 917 2555 65.
938 2484 1032 2548 Sunt,
1052 2478 1128 2560 qui,
1146 2476 1235 2536 binos
1326 2493 1330 2500 ’

67 2560 216 2619 Asconior
244 2561 404 2620 Paedianor
428 2558 540 2624 fuisse,
559 2578 706 2621 asserant:
724 2562 908 2621 Historicum
936 2580 1049 2628 unum,
1070 2560 1237 2621 Grammat.

68 2641 217 2710 alterum,
238 2663 271 2702 ac
291 2643 330 2702 de
367 2643 465 2711 rimo,
483 2661 572 2721 usque
593 2642 630 2701 ad
650 2645 767 2722 Vespas.
781 2643 901 2706 vixisse,
918 2641 1057 2701 tradunt.
1124 2709 1126 2711 ‚

107 2723 279 2793 Poetilius,
297 2663 379 2783 Tell.
394 2723 607 2804 plorationem
626 2720 730 2782 habuit
748 2741 850 2781 contra
868 2723 1039 2802 Scipionem
1050 2715 1142 2779 Afric.
1154 2717 1237 2779 anti·

66 2805 227 2885 quiorem,
245 2805 299 2886 qui
318 2801 357 2863 de
375 2805 485 2862 Poenis
502 2801 712 2884 triumphavit.
733 2805 813 2861 Haec
833 2803 883 2858 Or.
894 2802 989 2862 desid.
1004 2825 1007 2832 ·

107 2885 273 2950 Poetilins,
293 2886 357 2944 sive
375 2884 498 2942 Petilius
517 2882 696 2962 (Q),urbis
714 2884 852 2951 Praetor,
864 2883 915 2960 qni
935 2883 969 2940 in
989 2878 1136 2940 concione
1153 2897 1237 2942 conr·

68 2965 168 3024 bossin
188 2969 305 3027 Numae
324 2963 414 3024 libros
431 2966 556 3025 Graecos
576 2966 611 3022 in
629 2983 697 3046 agro
707 2965 820 3023 Scribas
839 2964 902 3022 CN.
915 2961 1233 3031 Terentii,inrentos.

68 3046 157 3104 Vide
174 3049 254 3108 Lacr.
267 3048 288 3104 l.
304 3068 329 3104 ι.
346 3065 368 3104 c.
383 3065 432 3104 aa.
447 3047 521 3106 Dio.
535 3048 608 3104 Inst.
1220 3054 1224 3062 ’

107 3126 221 3185 Paetus
242 3128 254 3204 (
274 3127 416 3207 Papyrius
435 3127 467 3201 ),
484 3124 577 3186 homo
596 3124 760 3194 urbaniss,
779 3141 812 3185 et
830 3124 951 3193 salsina,
963 3123 1048 3204 cujus
1058 3119 1171 3182 facetiis
1183 3119 1234 3183 ci.

64 3228 136 3268 cero
156 3205 282 3266 mirifice
299 3207 507 3272 delectabatur,
518 3227 563 3266 eas
576 3207 687 3266 Atticis
706 3205 846 3265 omnibus
857 3206 987 3266 salsiores
994 3203 1156 3286 appellans,
1168 3203 1233 3281 qnia

64 3289 123 3348 bus
146 3305 256 3347 veteres
274 3291 361 3348 Rom.
374 3287 548 3357 utebantur,
566 3303 597 3345 et
614 3304 686 3346 tunc
706 3289 802 3345 Roma
822 3288 940 3367 penitus
958 3285 1226 3346 exsulabant.Eum

68 3391 140 3429 cum
162 3369 305 3438 Graniis,
325 3368 471 3437 Lucilia,
490 3369 620 3436 Crassis,
643 3367 751 3426 laeliis
768 3387 918 3448 comparat
939 3368 1031 3443 Epist.
1045 3374 1090 3421 16.
1103 3365 1125 3420 l.
1147 3384 1175 3433 9.
1194 3363 1236 3418 al

66 3451 178 3507 Famil.
189 3451 339 3524 Ejoistolne
356 3449 510 3510 Ciceronis
527 3448 564 3507 ad
584 3467 652 3506 enm
673 3444 842 3508 serenarum
860 3445 981 3507 refertae
997 3464 1088 3512 sunt,
1107 3459 1142 3503 ot
1162 3463 1242 3530 eom·

70 3532 109 3590 ad
128 3536 226 3606 jocose
245 3530 431 3590 scribendum
450 3531 603 3592 excitaret.
614 3528 752 3587 Ciceroni
766 3519 897 3587 'donarit
915 3528 1004 3586 libros
1024 3526 1139 3584 relictos
1151 3543 1168 3580 a
1180 3518 1237 3582 fro·

68 3629 116 3671 tre
137 3631 190 3670 suo
210 3614 311 3670 Servio
331 3609 487 3688 (Claudio
508 3611 542 3686 l.
562 3610 607 3666 lta
628 3610 690 3668 Cic.
702 3611 737 3668 in
757 3611 848 3684 Epist.
870 3607 956 3668 etit.
972 3627 1001 3665 ι.
1013 3606 1050 3666 ad
1070 3604 1231 3671 Atticum.

70 3695 103 3752 e't
125 3692 218 3766 Epist.
235 3692 288 3751 ult.
300 3693 321 3751 l.
336 3713 363 3749 ι,
374 3691 466 3750 Erant
483 3689 551 3750 libri
571 3690 695 3761 Graeci,
715 3709 743 3750 et
764 3689 886 3751 Latini.

115 3773 294 3846 Palaemon,
316 3775 406 3831 Poeta
423 3816 432 3842 ,
450 3772 565 3852 dequo
584 3751 721 3831 Martini
741 3773 901 3830 Classicam
920 3768 968 3830 lib.
979 3785 1011 3833 ι.

318 3852 429 3912 Scribat
449 3853 574 3911 carmina
592 3853 703 3910 circulis
724 3852 903 3911 Palaemon:

318 3932 372 3994 Me
385 3935 483 4016 javat,
502 3933 575 3994 ratis
592 3933 706 3995 annbnr
719 3937 856 4011 placere.
