3317 4817
124 420 278 509 filatim(
284 429 459 510 Petronius)
470 477 477 500 ‚
487 434 596 499 Poeta,
608 429 644 491 de
657 352 714 512 quim
726 431 759 490 in
770 429 944 490 collectione
963 433 1078 512 fragat.
1096 363 1254 494 Vetil'bet.

128 515 158 573 S.
179 513 312 581 Hilarius
326 558 334 584 ‚
347 515 509 573 Pictavietr.
529 515 563 570 in
585 511 684 570 Gallia
707 513 801 592 Epist.
817 513 947 594 insignis
967 515 1116 574 doctrinae
1128 556 1138 579 ‚
1151 533 1180 574 et
1192 536 1256 576 san·

88 590 225 655 utitatis.
244 597 330 654 Plura
353 613 454 654 contra
475 595 602 653 Atianos
626 593 783 671 scripsrt‚a
803 591 910 670 quibus
929 593 983 652 sub
1002 597 1179 654 Constantio
1201 599 1257 656 lm·

84 690 177 752 perat.
195 670 258 733 fuit
279 676 364 734 valde
386 690 526 732 vexatus.
547 673 693 732 Laudatur
716 695 732 730 a
752 675 778 730 S.
799 675 884 731 Hier.
907 676 997 734 variis
1017 678 1050 734 in
1071 675 1169 744 locis,
1190 697 1206 735 a
1226 675 1255 736 S.

83 759 164 833 Aug.
181 797 190 822 ,
209 771 240 812 et
261 757 352 814 aliis.
373 757 487 814 Praeter
507 755 627 833 Opera,
648 769 721 832 quae
750 769 867 824 exstant
886 756 1040 836 genuina,
1064 755 1206 816 nonnulla
1227 753 1256 814 ei

84 833 278 904 tribuuntur,
299 855 376 915 quae
395 840 457 906 ejus
477 851 540 892 non
562 850 653 892 sunt.
673 835 742 891 Alia
763 833 855 889 desid.
868 873 878 896 ‚
890 850 1012 912 quorum
1033 831 1133 916 fragm.
1157 835 1253 894 solum

83 930 264 992 mpersunt:
286 935 319 974 ut
339 934 378 977 ert
399 914 530 972 Historia
550 914 584 971 le
604 911 745 988 Synodis,
765 914 792 970 S.
805 913 928 970 Hieron.
949 915 1090 973 meminit
1110 915 1198 971 libelli
1219 915 1258 974 al

83 990 276 1063 Sallustium,
295 995 460 1055 Galliarum
483 991 578 1054 Praei.
597 1007 698 1052 contra
717 993 894 1051 Dioscorunr
923 993 1098 1052 Medicum.
1129 995 1172 1053 Ex
1194 1000 1256 1071 ejus
1284 1015 1287 1019 ·

88 1073 257 1133 Commenta
270 1077 299 1132 in
316 1075 423 1142 lobum
444 1076 540 1135 locum
562 1069 644 1132 affert
664 1076 691 1131 S.
711 1075 788 1156 Aug.
806 1091 908 1130 contra
929 1073 1102 1156 Pelagianos
1122 1093 1174 1154 pro
1230 1095 1258 1134 c·

85 1171 153 1213 tato
175 1157 315 1237 originali
339 1157 517 1215 statuendo.
537 1153 745 1214 Desiderantur
767 1155 857 1212 etiam
881 1153 1029 1213 Commeat.
1042 1156 1070 1212 iu
1092 1152 1171 1212 Cant.
1210 1174 1259 1212 arr·

85 1235 134 1290 tic.
151 1233 335 1310 Hymuorum
355 1237 484 1293 collectio
500 1280 508 1303 ‚
531 1236 603 1292 libet
622 1229 962 1310 Mysteriotum2muitae
983 1233 1075 1307 Epist.
1088 1234 1219 1294 laudatae
1238 1254 1255 1296 a

83 1313 218 1394 Sulpicio
231 1315 333 1374 Severo
347 1314 512 1390 ‚Expositis
523 1315 615 1390 Epist.
624 1313 659 1371 ad
677 1311 852 1369 Timotheum
861 1355 868 1379 ‚
878 1315 966 1372 citata
977 1315 1011 1371 in
1025 1317 1116 1374 Conc.
1124 1315 1253 1395 Hispal..

58 1404 63 1411 '
87 1409 117 1451 et
138 1395 329 1452 libertorum
357 1395 517 1460 Valentem,
531 1411 559 1452 et
585 1392 729 1450 Ursatium
742 1435 750 1460 ,
762 1398 845 1470 cujus
863 1394 890 1450 S.
905 1394 1009 1462 Hier,
1029 1409 1059 1454 et
1079 1396 1131 1454 alii
1152 1394 1255 1455 memi-

83 1490 219 1532 nerunt.
242 1470 354 1544 Obiit,
374 1493 524 1535 revocatus
543 1473 579 1533 ab
598 1473 724 1542 exsilio,
744 1476 779 1530 in
808 1492 858 1532 sua
883 1473 958 1532 Eccl.
979 1493 1026 1534 an.
1049 1473 1162 1534 Christi
1188 1485 1253 1551 367.

84 1553 131 1611 Ita
155 1553 317 1613 Bollandus
337 1556 373 1614 ad
394 1555 473 1614 diem
492 1555 595 1624 .3.Jan.
608 1549 843 1612 confundendus
857 1571 916 1609 non
937 1573 980 1611 est
1001 1573 1066 1613 cum
1076 1553 1253 1619 llilcrio‚ad

84 1651 173 1767 poem
195 1654 241 1692 est
260 1634 348 1718 longa
368 1635 458 1710 Epist.
470 1638 497 1694 S.
511 1637 586 1717 Aug.
601 1636 639 1694 de
663 1652 751 1692 errore
769 1631 1012 1718 Pelagianorum,
1034 1653 1087 1694 nec
1107 1655 1174 1694 curu
1194 1633 1253 1692 Hi·

99 1732 119 1768 α
1083 1735 1087 1742 .

120 1711 162 1770 rio
184 1715 292 1776 Arelat.
319 1718 413 1775 multo
440 1735 616 1798 posteriore.
1268 1771 1270 1774 .

125 1792 294 1863 fflmcrim,
316 1797 469 1856 Tarracon.
484 1794 619 1854 Praesul.
640 1793 689 1852 nd
709 1811 777 1855 tum
798 1809 842 1852 est
863 1790 953 1866 Epist.
966 1792 1064 1853 siricii
1086 1795 1178 1885 Papae
1198 1809 1248 1853 an.

88 1881 153 1948 385.
167 1877 333 1955 scripta‚in
363 1895 400 1936 ua
419 1876 511 1936 multa
531 1876 662 1934 decernit
681 1873 718 1932 ad
739 1873 927 1952 disciplinam
949 1874 1180 1934 Ecclesiasticana
1193 1893 1257 1952 spe·

85 1955 218 2025 mutia,
240 1956 278 2014 de
297 1896 404 2036 quihus
422 1955 458 2016 ab
478 1954 604 2012 Honorio
623 1953 775 2015 consultus
795 1951 903 2012 fuerat.
917 1949 1039 2016 llirnerit
1054 1953 1145 2028 Epist.
1160 1953 1254 2016 desid.

122 2032 242 2093 liinius
261 2033 348 2110 (A).
370 2038 440 2106 Eius
459 2036 627 2114 eloquentia
647 2033 777 2093 laudatur
798 2053 814 2092 a
843 2033 929 2094 Cic..
949 2027 1133 2113 apud'quem
1156 2033 1253 2092 decla·

85 2115 207 2182 mavit,
225 2133 285 2174 una
303 2113 371 2174 curn
391 2115 560 2182 Dolabella,
581 2132 612 2172 et
631 2115 747 2187 Cassio,
769 2111 848 2172 Vide
868 2111 960 2184 Epist.
974 2113 1035 2171 Cic.
1047 2113 1085 2172 cl
1114 2111 1256 2170 Volumni·

86 2211 132 2249 am
152 2195 203 2252 lib.
216 2215 244 2257 ⁷·
256 2196 294 2251 al
306 2195 427 2264 Eamil,
439 2215 469 2255 et
479 2195 614 2274 Quintil.
627 2196 648 2251 l.
660 2204 688 2251 ε’,
702 2236 710 2259 ,
722 2210 754 2252 et
775 2213 821 2254 aa.
829 2191 913 2270 Quid
933 2194 967 2250 in
988 2212 1022 2252 eo
1036 2195 1139 2253 Cicero
1159 2211 1257 2254 emen·

84 2272 211 2341 daverit,
231 2274 326 2333 tradit
345 2277 454 2354 Quint.
467 2276 487 2333 l.
500 2291 528 2333 a.
543 2277 632 2334 Hunc
652 2281 725 2354 puio
744 2270 833 2331 fuisse
847 2271 886 2328 A.
900 2268 1026 2330 Hirtium
1041 2315 1048 2341 ,
1062 2275 1114 2353 qui
1139 2273 1254 2352 scripsit

87 2353 241 2411 comment.
252 2355 287 2411 de
306 2352 404 2414 Bellis
416 2355 502 2414 Alex.
515 2353 608 2432 Afric.
620 2399 627 2423 ,
638 2371 666 2412 et
679 2350 807 2427 Hispano
820 2353 854 2432 C.
868 2351 893 2408 J.
906 2353 1032 2414 Caesio
1044 2353 1146 2412 multis
1157 2372 1256 2410 exem·

84 2432 215 2512 pleribus
237 2432 343 2497 horum
366 2436 599 2508 Commentarius
612 2437 729 2492 nomini
746 2450 892 2515 perperam
903 2430 1190 2516 Pansaccognomen
1202 2432 1251 2490 ad·

85 2514 196 2580 ditur‚·
231 2533 271 2572 uo
289 2535 357 2574 cum
371 2517 438 2576 Cos.
451 2512 526 2575 luit.
547 2515 664 2574 Hirtius
677 2515 711 2570 in
723 2511 866 2589 Ptaefial
885 2512 983 2570 librum
996 2525 1023 2569 t.
1037 2512 1073 2572 de
1094 2512 1170 2572 bello
1184 2511 1254 2570 Gal·

85 2591 175 2655 lico,
233 2593 331 2654 ditum
355 2614 383 2656 r.
402 2597 482 2654 libris
503 2595 654 2652 Commeat.
674 2611 691 2650 a
711 2593 829 2650 Caesam
856 2591 969 2660 editis,
990 2611 1019 2652 se
1039 2593 1186 2672 scripsisse
1204 2594 1248 2660 ait

83 2691 131 2730 tes
149 2673 301 2739 Caesaris,
321 2673 375 2734 sub
393 2693 452 2755 quo
479 2675 646 2740 militavit,
666 2691 686 2730 u
720 2690 756 2730 ue
784 2671 822 2730 ad
842 2668 930 2728 linem
959 2674 1021 2746 ejus
1042 2671 1142 2730 vitae.
1169 2671 1248 2756 Haec

85 2769 189 2810 autem
211 2755 321 2832 scripta
338 2752 428 2813 Hirtii
448 2754 538 2814 desid
563 2690 763 2812 &carusius
782 2754 817 2810 in
837 2751 945 2830 praelio
956 2749 1125 2809 Mutinensi
1145 2766 1246 2808 contra

87 2833 138 2891 M.
159 2834 237 2892 Ant.
257 2835 296 2894 V.
317 2835 352 2894 (ᾖ
372 2852 420 2896 an.
442 2853 511 2907 7¹¹·
529 2852 597 2892 cum
618 2834 945 2900 Cossaeorum
966 2830 1079 2889 Pansa.
1114 2893 1116 2904 ¹

538 2912 723 2972 Corollatirstn
748 2908 809 2967 Ill.

123 2991 267 3068 Hispani,
287 3013 375 3077 quam
397 3013 459 3054 non
478 2994 633 3054 immerito
652 2992 688 3049 ab
699 2989 826 3050 Horatio
836 2985 925 3046 Periti
946 2985 1125 3070 appellentur
1140 3030 1149 3058 ,
1162 3003 1253 3068 quan·

84 3087 172 3152 taque
191 3076 327 3135 doctrina
347 3075 526 3154 abantiquis
545 3071 727 3151 temporibus
747 3070 916 3136 floruerint,
928 3069 1062 3130 ostendit
1075 3071 1154 3131 Xav.
1167 3071 1251 3128 Iam·

82 3153 171 3232 pillas
190 3157 223 3212 in
245 3155 438 3227 suisDissett.
452 3152 606 3230 Apologet.
628 3153 674 3209 De
693 3170 792 3210 corum
814 3151 955 3231 ingenio,
967 3167 997 3208 et
1016 3149 1179 3210 charactere
1201 3150 1249 3206 lit·

81 3236 207 3301 terario,
223 3236 291 3293 side
310 3237 391 3294 loan.
413 3235 598 3294 franciscum
619 3231 742 3290 Masdeu
761 3232 829 3292 tom.
848 3251 871 3286 ι.
894 3225 1054 3290 ffistsctit.
1069 3225 1245 3302 Hispsrii‘ae.

82 3313 170 3372 Plura
181 3308 372 3390 &spanorum
392 3317 488 3394 Opera
506 3331 576 3372 ante
595 3311 723 3370 Honotii
742 3328 893 3368 excessum
913 3307 994 3368 edita
1015 3325 1168 3390 supersunt
1179 3301 1247 3372 ‚secl

21 3425 27 3438 ·
80 3393 180 3452 multo
200 3396 282 3476 plura
304 3395 534 3455 interciderunt.
548 3392 743 3470 Vespasianus
754 3393 805 3450 lus
816 3393 908 3448 Rom.
922 3389 1065 3450 Civitatis
1075 3387 1133 3448 toti
1143 3385 1249 3462 Hispa·

81 3475 150 3530 niae
164 3477 327 3537 concessit.
347 3476 426 3544 Vide
444 3472 615 3534 Strabonem
636 3471 658 3532 l.
670 3493 698 3540 3·
711 3469 814 3546 Geogr.
835 3467 888 3528 uhi
908 3486 967 3534 eos,
987 3469 1131 3537 maxims,
1146 3468 1197 3550 qui
1212 3463 1249 3526 ad

82 3555 202 3614 Baetim
223 3555 407 3620 accolebant,
419 3555 570 3614 Romanos
581 3570 678 3610 mores
696 3570 791 3610 assum
827 3552 883 3608 isse
894 3547 1052 3618 ‚affirmat,
1065 3565 1099 3609 ac
1117 3543 1175 3606 fere
1189 3566 1250 3604 ver-

78 3633 185 3693 naculi
206 3637 350 3695 admonit
377 3637 585 3702 institutores,
606 3633 780 3712 plerosque
830 3647 878 3690 tos
905 3630 1027 3696 latinos:
1053 3629 1192 3708 idemque
1210 3626 1248 3685 cle
1301 3634 1311 3646 *

78 3715 147 3782 iis,
167 3717 219 3796 qui
240 3716 278 3774 ad
299 3716 413 3777 iberum
443 3733 538 3795 usque·
559 3711 597 3772 ad
617 3707 770 3772 asatitima
793 3708 982 3781 habitabant,
1005 3726 1144 3772 astatus.
1166 3705 1245 3768 Vide

86 3795 183 3854 etiarn
204 3795 284 3855 Plio.
305 3796 345 3854 H.
359 3798 399 3855 N.
419 3799 441 3856 l.
464 3817 491 3863 3·
511 3811 535 3854 a.
549 3815 576 3864 3.
597 3794 633 3852 in
651 3790 724 3851 hue.
1158 3860 1160 3864 Ι

129 3873 247 3950 Hispo,
267 3877 419 3938 Romanus
437 3875 571 3934 Rhetor.
591 3875 637 3932 De
656 3891 691 3930 eo
710 3873 777 3942 Seu,-
797 3870 832 3930 in
855 3868 1140 3942 continuerat.
1155 3867 1204 3930 lib.
1219 3887 1247 3928 t.
1319 3941 1321 3944 Ι

82 3955 198 4014 Arnai
219 3958 432 4025 ait‚accusasse
451 3954 771 4030 maieuatis,Graniurn
789 3953 982 4024 Marcellino,
993 3951 1149 4035 Bithyniae
1168 3951 1249 4012 Prae·

85 4054 212 4098 torem.
228 4042 308 4102 naec
327 4041 398 4112 Or..
417 4058 450 4102 et
466 4038 539 4102 aliae
558 4035 695 4115 Hisponis
717 4034 811 4097 desid
