3317 4817
624 355 673 421 tr.
1123 376 1182 423 rt-

72 449 169 504 mrem
188 433 269 515 Mas.
289 431 323 502 in
344 455 374 498 se
438 429 538 519 asieri
559 457 655 518 passus
678 453 737 498 non
752 431 817 508 ert.
839 435 910 501 dum
931 439 976 500 Μ.
991 436 1112 514 Lepidus
1134 383 1224 510 dixit,

75 516 141 575 licet
162 514 189 574 ei
210 511 386 598 contraiiusf
404 505 494 595 uis'ser
514 523 643 598 ternpore
663 518 731 576 belli
752 515 866 578 ii'vins.
889 520 1041 580 VideSen.
1055 521 1088 578 de
1101 521 1223 578 Clemen-

74 599 112 654 tia
132 598 154 653 l.
181 615 205 655 r.
224 615 251 656 r.
271 593 408 664 lasabi
429 599 554 682 Augusti
576 594 762 658 clementiam
783 594 989 665 commendat,
1003 615 1033 658 et
1052 600 1234 659 moderatio-1

74 693 141 740 nem
163 677 197 734 in
219 699 332 738 summa
353 680 505 758 potentia.
528 675 623 751 Lepidi
644 679 729 752 hujus
749 683 909 758 sapientia,
924 678 1078 759 prudentia
1090 722 1097 745 ,
1109 680 1232 758 etopri·

76 775 139 814 mus
160 757 194 814 in
215 759 319 837 Remp.
334 761 470 826 animus,
485 758 637 818 laudantur
658 757 674 816 a
692 757 757 818 Cic.
777 756 883 834 Philip.
900 782 928 820 r.
949 760 1020 833 Eius
1039 760 1236 828 auctoritate,

74 838 208 895 extincto
228 840 313 898 civili
333 837 434 906 bello,
455 839 557 898 Sextus
578 841 756 917 Pompeius,
788 839 892 920 Magni
911 836 1012 902 filius,
1041 838 1152 897 Romae
1173 835 1233 899 luit

74 917 246 976 restitutus.
268 916 313 976 lta
334 921 397 980 Cic.
417 919 483 977 loco
502 923 614 978 citato,
695 969 699 977 .
786 983 795 990 ,
835 964 839 972 .
1057 963 1062 968 -

115 993 239 1072 Lepidus
259 991 447 1073 (Manius),
467 1000 597 1068 Orator,
618 997 669 1078 qui
689 995 722 1074 in
734 995 840 1060 Senatu
853 989 986 1058 defendit
1006 996 1159 1056 Lutorium
1173 994 1234 1056 Pri·

76 1091 154 1134 xum
172 1119 179 1134 .
200 1075 250 1142 lta
267 1079 334 1137 Tac.
346 1077 396 1134 lib,
410 1097 437 1146 3-
451 1075 527 1134 Arri.
550 1080 596 1137 De
615 1096 651 1137 eo
671 1078 782 1146 etiam,
803 1077 1005 1142 urdoerdoa,
1025 1095 1054 1134 et
1076 1077 1231 1136 nobilitare

77 1172 241 1234 praestante
257 1157 342 1216 line.
355 1152 441 1225 Anu„
452 1173 482 1216 et
501 1153 550 1215 rii,
563 1168 580 1220 i
593 1171 600 1214 t
614 1153 696 1225 hunc.
712 1159 775 1226 ait,
789 1174 843 1234 ego
862 1155 1003 1231 lepieum,
1024 1153 1187 1230 temporibus
1200 1157 1235 1213 il-
1290 1167 1294 1172 ’
1350 1237 1358 1244 ἦ

75 1235 115 1308 lis
130 1255 269 1312 gravem,
292 1251 319 1295 er
340 1239 488 1310 sapientem
508 1238 596 1314 virum
615 1235 708 1316 fuisse
726 1239 882 1310 comperio.
901 1239 1029 1294 Demum
1042 1253 1136 1294 narrat
1147 1254 1231 1298 ,eum

72 1317 165 1399 gratia
186 1317 264 1400 apud
283 1317 436 1376 Tiberium
459 1317 597 1376 valuisse.
618 1317 688 1391 Ejus
707 1315 772 1373 00.
786 1315 879 1377 desid.
897 1315 946 1374 Ab
965 1313 1020 1373 boc
1039 1313 1185 1382 disertus,
1199 1333 1234 1374 ut

75 1393 218 1464 arbitror,
240 1393 297 1472 fuit
319 1395 458 1470 lepidus,
478 1398 676 1466 Declamator,
689 1414 719 1455 et
740 1413 838 1476 postea
856 1393 985 1474 ,Neronis
1004 1393 1236 1473 praeceptot,sle

70 1489 129 1552 quo
149 1476 308 1556 Scriptores
335 1471 418 1533 Vitae
436 1471 574 1536 Neronis.
596 1473 693 1547 Huius
705 1476 801 1550 Lepidi
815 1477 925 1554 Scripta
946 1474 1034 1532 etiam
1056 1472 1149 1532 desid.
1229 1507 1235 1514 ·

114 1553 239 1620 Lesbia,
260 1555 367 1616 Catulli
388 1557 495 1624 amica,
517 1572 546 1613 et
567 1552 705 1626 Postria,
745 1572 797 1614 uas
817 1571 874 1614 una
894 1573 960 1613 eum
989 1552 1105 1612 Catullo
1124 1554 1234 1612 Versus

77 1631 295 1712 componebat.
317 1633 362 1692 Ita
382 1634 482 1695 Sidon.
495 1633 628 1714 Apollin.
641 1635 661 1693 1.
677 1653 704 1692 2.
742 1636 808 1706 pist.
830 1653 875 1692 ro,
1228 1666 1232 1672 ·

116 1711 264 1777 levinus,
283 1710 407 1792 Scriptor
428 1715 535 1772 citatus
552 1734 569 1771 a
584 1709 679 1774 Matr.
691 1710 713 1772 1.
728 1733 755 1782 3·
767 1709 951 1781 Sarum.,ubi
961 1709 997 1769 de
1009 1709 1235 1779 ventremne,

75 1807 104 1850 et
124 1793 163 1852 de
184 1793 322 1862 Venere,
343 1790 473 1852 foemina
493 1793 643 1872 loquitur.
664 1871 678 1931 ¹
1076 1784 1081 1794 ’

117 1947 273 2020 libanius,
292 1949 445 2032 Sophiste,
467 1966 584 2012 notatus
603 1947 639 2010 ab
659 1947 809 2032 Eunapio:
829 1945 881 2032 qui
909 1964 1007 2009 tamen
1028 1946 1060 2008 in
1082 1944 1140 2031 eius
1166 1942 1235 2007 Vite

77 2025 202 2095 latetur,
218 2028 304 2092 fuisse
325 2051 385 2091 non
407 2035 547 2111 imparem
567 2029 816 2090 administrandae
835 2029 969 2111 reipub,
989 2046 1018 2087 et
1037 2028 1144 2087 caussis
1162 2030 1235 2087 civi·

73 2109 169 2168 libus.
192 2111 260 2170 Erat
281 2113 372 2190 patria
393 2110 653 2190 pnriochenumet
673 2111 785 2178 claruit,
798 2127 930 2192 tempore
947 2108 1233 2188 Julianiilpostatae,

76 2192 125 2248 cui
137 2209 238 2272 gratus
256 2187 331 2258 fuit,
343 2179 491 2250 dol-trinae
503 2187 587 2257 fama,
598 2186 733 2254 Athenis,
743 2185 1234 2268 Constantinopolifflisomediae,

75 2285 105 2330 tt
128 2271 163 2326 in
185 2269 298 2349 patria,
319 2267 370 2328 ubi
392 2271 474 2330 vaide
495 2289 580 2329 senex
601 2269 694 2352 obiit.
715 2271 834 2350 Scripsit
855 2271 951 2350 plura‚
964 2284 993 2326 et
1012 2265 1146 2348 leguntm
1165 2285 1233 2325 cum

74 2347 173 2425 plausu
195 2353 257 2424 ejus
277 2349 369 2423 Epist¹
381 2351 451 2411 Fuit
469 2352 495 2410 S.
508 2347 609 2412 Basilii
630 2349 760 2420 amicus,
781 2364 810 2408 et
830 2352 858 2408 ei
879 2347 1016 2408 submisit
1035 2345 1233 2405 emendandas

72 2447 135 2484 suas
157 2423 404 2489 Declamation'es.
425 2429 469 2488 lta
491 2429 567 2490 Cael.
584 2427 711 2512 Rhodig.
726 2432 760 2488 in
781 2425 879 2507 Praef.
901 2428 955 2486 eii:
975 2441 1023 2494 ro·
1043 2424 1107 2483 decr.
1129 2425 1228 2499 Antip.

71 2507 164 2575 Sunt,
186 2509 239 2588 qui
259 2507 380 2576 dicarit,
400 2530 467 2568 eum
488 2509 527 2586 ob
547 2503 656 2575 sirium
679 2505 853 2577 nefandum,
875 2504 1231 2585 Constantinopoli.·ubi

76 2585 204 2646 scholam
227 2605 387 2668 aperuerat,
409 2595 550 2664 ejectum.
572 2606 602 2648 et
623 2590 796 2650 Nicomedia
817 2587 944 2655 itidem,
960 2603 1020 2666 quo
1039 2603 1231 2644 soneaserati
1254 2659 1257 2665 1

114 2665 254 2726 Liberalis
273 2669 286 2744 l
306 2668 416 2728 Salvius
433 2671 469 2747 ),
490 2675 618 2738 Orator¹
640 2670 691 2806 spui
712 2666 871 2727 defendens
891 2668 1017 2725 divitem
1037 2684 1138 2731 reum,
1160 2662 1234 2721 licet

112 2764 175 2806 rum
204 2764 367 2814 reverenter
388 2747 425 2808 de
445 2746 622 2828 Vespasiano
666 2765 841 2828 inperatore,
861 2764 926 2804 eum
948 2745 1105 2811 audiente,
1118 2742 1233 2800 locutus

105 2825 174 2884 isset
183 2869 192 2896 ,
201 2825 334 2891 laudatus
346 2823 542 2886 nibilominus
555 2827 612 2888 luit
623 2847 639 2886 a
652 2827 845 2908 Vespasiano.
857 2825 902 2884 lta
915 2825 989 2882 Suet.
1000 2824 1033 2879 in
1052 2819 1129 2894 Vesp.
1144 2839 1167 2876 c.
1181 2842 1227 2888 ¹3·

113 2904 297 2976 libertines,
317 2907 430 2978 Poeta,
449 2909 556 2968 citatur
575 2928 594 2968 a
610 2908 711 2968 Servio
730 2907 764 2965 in
791 2903 1067 2988 erlgnoroejus
1085 2915 1231 2970 aetatem,

78 2999 105 3042 ‘t
126 3003 273 3066 pamm·
524 3061 706 3126 corollarium
730 3059 790 3124 III.

113 3145 235 3215 liberti,
259 3145 371 3206 Romae
391 3141 558 3208 dicebantur
580 3149 654 3206 serti
667 3149 746 3228 ,qui
767 3161 880 3226 accepta
901 3161 916 3203 a
937 3137 1071 3207 Domino
1090 3134 1184 3223 alapa,
1200 3153 1232 3199 et

78 3221 208 3308 legitime
240 3243 375 3286 concesso
396 3227 811 3306 tillem-manumittebantur.
834 3243 882 3284 seu
908 3223 1071 3301 libertatem
1099 3223 1236 3300 impetra-

75 3301 142 3366 bant
158 3347 165 3363 .
178 3306 222 3366 Hi
235 3304 335 3386 pileati
358 3323 406 3386 per
424 3305 522 3366 urbem
545 3307 727 3376 incedebant,
739 3323 768 3365 er
780 3305 978 3364 Domitiorum
999 3300 1170 3361 nominibus
1183 3315 1233 3358 roa

81 3385 237 3449 cibantur,
256 3381 347 3444 Multi
369 3383 408 3448 ob
429 3386 574 3468 insignem
597 3385 780 3456 doctrinam,
802 3402 833 3444 et
856 3381 1026 3445 fidelitatem
1054 3377 1160 3438 Liberti
1184 3376 1258 3438 ies

83 3461 175 3534 bant,
198 3459 251 3525 sub
271 3463 470 3524 Dominarum
491 3465 625 3524 clientela
647 3482 819 3525 manentes.
1228 3478 1236 3532 ζ

116 3545 209 3615 libo,
232 3541 315 3604 Trib·
335 3543 373 3624 pi.
394 3543 522 3626 Sergium
544 3541 688 3614 Calbim,
709 3540 933 3624 Praetoremin'
958 3537 1126 3620 Hispania,
1145 3553 1227 3596 renni

75 3623 158 3706 ‘giti
198 3619 277 3692 1106·
297 3624 373 3683 inte'r
414 3627 470 3684 sita
492 3621 548 3682 fide
562 3667 571 3691 ,
585 3641 718 3706 magnam
739 3624 945 3705 Lusitanorum
966 3637 1086 3682 manum
1107 3617 1233 3690 oceidit-

70 3720 138 3772 set,
156 3725 189 3764 su
211 3703 356 3764 scribente
416 3722 487 3764 tone
501 3701 692 3766 ¹'I'ribunitiae
713 3702 858 3780 Actioni.
879 3704 958 3762 Reus
976 3699 1022 3758 sul
1060 3712 1097 3756 nt
1114 3694 1227 3757 confes-

70 3803 141 3853 sus,
162 3801 192 3844 er
280 3803 346 3848 nam
369 3802 430 3844 non
459 3800 612 3851 recusans,
632 3787 766 3866 parvulos
793 3783 898 3842 liberos
926 3786 994 3841 suos
1039 3797 1091 3837 ens
1119 3779 1236 3918 populo

70 3882 210 3924 commen
247 3884 277 3924 re
303 3883 354 3924 coe
375 3865 420 3934 it,
442 3882 501 3946 quo
528 3881 632 3930 omnes
659 3864 697 3932 ad
716 3855 944 3938 misericordiam
972 3857 1075 3931 nene,
1098 3877 1130 3920 et
1156 3858 1249 3939 fiber

67 3945 190 4006 erant.
210 3945 257 4008 lta
275 3944 342 4007 vn.
388 3965 432 4007 ax.
444 3947 467 4005 1.
478 3958 506 4002 a.
521 3959 545 4004 e.
559 3966 587 4010 ι..
