3317 4817
451 309 492 383 ,ι’
594 337 599 347 s
962 293 1004 358 el

401 413 425 454 ,ς
455 390 549 448 Cicero
568 385 581 463 (
600 385 644 448 M.
654 379 864 460 Tul.),.eojus
875 395 993 440 ‚nomen
1013 373 1130 458 insigne
1150 372 1217 434 Viri
1236 369 1369 454 elogium,
1384 369 1551 434 est.Natus
1645 367 1646 372 ’

412 469 520 549 Arpini
540 487 587 525 an.
600 469 637 524 V.
651 465 684 524 C.
699 471 764 535 648.
776 483 812 522 er
831 462 957 542 equestri
978 456 1109 517 familia.
1130 458 1242 515 Praeter
1254 454 1347 532 Opera
1367 451 1552 518 doctissima,
1645 443 1646 452 ’

412 568 442 607 er
462 547 692 630 elegantissima,
704 563 776 624 quat
796 559 928 607 exstant,
941 539 1020 620 pluro
1039 535 1202 600 edidit,ex
1214 532 1320 613 quibus
1339 531 1399 590 sola
1417 527 1556 614 fragmen·
1645 593 1646 600 ἵ

410 647 448 698 τε,
460 642 631 707 supersunt:
651 625 707 684 alia
726 623 854 681 omnino
874 620 1106 680 interciderunt.
1126 614 1333 674 Desiderantur
1352 616 1413 689 ejus
1431 611 1498 670 libri
1518 609 1553 667 de
1645 613 1646 652 l

392 707 672 780 JRtpublitoxtde
693 703 801 769 Gloria,
820 703 904 760 citati
924 721 940 759 a
960 703 985 758 S.
999 697 1166 778 Augustino
1188 697 1221 751 in
1242 693 1323 750 libris
1342 691 1377 749 de
1400 689 1483 748 Ciuit.
1496 689 1554 746 Dei
1645 715 1646 746 t

412 808 429 847 tr
449 789 480 847 L
495 789 552 845 Art.
565 790 684 850 Seneca,
698 805 714 842 a
726 783 837 846 Gellio,
855 801 885 840 ct
904 781 970 840 aliis
989 779 1136 857 antiquis.
1150 774 1248 834 Vertit
1267 792 1301 830 ex
1315 773 1424 830 Graeco
1437 770 1471 828 in
1484 769 1559 828 Lati·
1645 813 1646 820 ,

412 887 484 926 num
494 867 703 942 Oeconomicum
711 857 1277 938 Xenophontis,eta'slio,quaeVersiones
1297 851 1448 916 desid.,ut
1466 849 1557 911 etiam

413 947 560 1023 Dialogus
579 947 735 1026 inscriptus
756 943 920 1010 Catulus,et
940 931 1213 1004 altercationem
1233 931 1336 1068 {uibus
1357 929 1488 1008 Quintil
1499 929 1520 984 l.
1532 949 1559 997 3.
1645 925 1646 990 J

411 1027 554 1093 Institut,
575 1027 626 1106 qui
646 1042 766 1083 testatur
778 1065 785 1087 ‚
798 1023 952 1102 ‚scripsisse
970 1020 1055 1077 libros
1076 1019 1109 1076 tle
1122 1017 1195 1074 Arte
1206 1016 1234 1072 R
1256 1029 1290 1069 et.
1305 1053 1319 1075 ,
1334 1029 1407 1090 quos
1433 1027 1560 1088 suppres-
1645 1017 1646 1084 l

412 1107 471 1166 sit.
491 1105 605 1164 Gellius
617 1106 664 1162 lib.
681 1127 706 1162 r.
716 1125 742 1162 e.
755 1123 802 1160 22.
817 1104 890 1162 citat
901 1101 953 1161 lib.
966 1101 1058 1160 Cicer.
1069 1100 1104 1160 tle
1121 1097 1188 1155 lure
1199 1094 1283 1171 Ciuili
1294 1093 1322 1148 in
1341 1107 1426 1146 orretn
1440 1089 1561 1164 redigen·

412 1185 687 1265 dotquidesid.‚ut
705 1186 794 1244 etiam
814 1184 879 1241 libri
901 1205 927 1250 3.
947 1182 1073 1240 carmine
1093 1175 1234 1237 lucubroti
1254 1174 1286 1230 de
1307 1169 1470 1244 temporibus
1492 1168 1559 1236 suis,
1645 1215 1646 1224 .

410 1284 483 1345 quos
495 1265 531 1322 ad
542 1265 698 1324 Lentulum
719 1284 748 1322 se
769 1263 922 1322 missurum
945 1260 1068 1340 spondet
1079 1258 1129 1321 lib.
1138 1279 1166 1316 r.
1178 1254 1280 1319 Furnil.
1294 1251 1385 1324 Epist.
1400 1271 1425 1306 r.
1436 1247 1473 1306 ud
1487 1250 1561 1306 Leo-
1645 1275 1646 1288 .

411 1345 522 1403 tulum.
540 1346 675 1403 Curemus
694 1345 783 1403 etiam
805 1343 893 1402 variis
913 1341 965 1400 alis
986 1337 1185 1402 Poematibus‚
1201 1352 1322 1416 quorum
1345 1329 1457 1388 mentio
1477 1326 1558 1406 apud
1645 1325 1646 1356 l

411 1423 488 1490 Plus.
502 1463 516 1488 r,
531 1429 563 1482 et'
579 1427 655 1486 Suet.
668 1426 705 1482 in'
728 1424 793 1481 Vita
818 1423 940 1480 Terentii
952 1465 958 1478 .
969 1421 1053 1480 Talia
1066 1433 1142 1479 'sunt
1161 1415 1301 1492 inscripto
1322 1409 1438 1466 Murius
1448 1447 1457 1470 ,
1469 1407 1561 1462 Glou-
1645 1417 1646 1438 ¹

411 1524 481 1571 (Μ.
504 1504 602 1562 Litno.
624 1507 737 1564 Praeter
757 1503 905 1568 Atarneo,
923 1521 1045 1581 quorum
1066 1495 1226 1580 fragmento
1244 1487 1326 1552 affert
1345 1491 1407 1550 Cic.
1421 1489 1455 1546 in
1473 1487 1556 1544 libris
1585 1519 1590 1528 ι

391 1585 444 1644 *ἕλε
464 1584 536 1641 Not.
549 1584 692 1651 Deorum,
714 1587 822 1648 Poenis
840 1583 876 1640 de
897 1603 948 1642 suo
968 1578 1150 1646 Consulatu,
1171 1596 1205 1634 ex
1246 1592 1286 1632 uo
1304 1591 1370 1640 702,
1393 1586 1421 1625 et
1441 1585 1476 1624 co
1499 1587 1562 1624 atn-

412 1663 487 1746 plius
508 1684 603 1723 versus
623 1682 758 1742 tanquam
780 1663 894 1722 recitati
914 1661 1100 1724 acictronis
1120 1654 1204 1716 fratre
1226 1594 1364 1735 (leguntur
1382 1647 1430 1704 lib.
1443 1647 1476 1702 de
1505 1645 1561 1702 Di-

413 1743 470 1802 uin.
482 1743 612 1821 Quintil.
636 1745 655 1802 l.
669 1757 697 1801 3.
711 1740 796 1802 affers
814 1740 887 1802 duos
907 1729 1014 1800 Versus¹
1025 1780 1034 1805 ,
1053 1757 1088 1796 ex
1108 1735 1234 1796 ioculari
1262 1730 1387 1812 quodam
1408 1725 1561 1786 Ciceronis

413 1824 523 1902 Opere,
544 1823 731 1903 quodetiam
752 1822 844 1883 desid.
876 1824 913 1882 In
935 1821 1018 1884 libris
1036 1819 1170 1876 Atodem.
1193 1807 1258 1889 QQ.
1280 1810 1370 1869 tnultt
1396 1807 1504 1865 desunt
1525 1825 1561 1862 ex

412 1903 459 1961 lib.
476 1925 519 1971 r.,
541 1921 569 1961 et
589 1905 689 1962 omnia
710 1923 744 1961 er
768 1926 815 1970 2.‚
839 1919 868 1961 et
894 1924 916 1978 3.
931 1903 1047 1960 Nonius
1070 1913 1166 1978 putet,
1189 1893 1238 1968 nn
1259 1891 1435 1967 inscriptum
1454 1884 1561 1942 lutul-

413 1984 460 2040 lus
478 2002 539 2042 esse
558 1985 688 2053 4Ated.
712 1983 777 2058 ΟΩ.
800 1985 911 2042 Verum
929 1979 1106 2039 contrarium
1126 1974 1273 2056 colligitur
1294 1987 1328 2027 ex
1349 1969 1410 2029 Cic.
1421 1963 1563 2039 Epistolir

412 2061 449 2125 ad
470 2063 604 2121 Atticum
625 2063 777 2131 lib.13.ln
798 2062 936 2137 Epistolis
954 2060 991 2118 ad
1012 2061 1146 2118 Atticum
1181 2051 1365 2113 mentionem
1398 2043 1473 2104 fecit
1496 2044 1560 2104 Cic.

411 2141 574 2199 voluminis
594 2164 610 2200 a
629 2162 658 2200 se
677 2142 818 2201 lucubrsti
838 2141 1057 2206 Prooemiorunr‚
1072 2159 1105 2196 ex
1127 2154 1186 2216 quo
1206 2131 1351 2192 Prooemio
1372 2124 1504 2186 sumelsrt
1525 2123 1561 2182 od

412 2221 491 2280 tario
511 2223 619 2300 Opera,
637 2241 711 2302 quoe
729 2220 908 2282 lucubrabat.
928 2222 1048 2280 Miserat
1068 2217 1104 2277 ad
1126 2215 1261 2274 Atticum
1281 2211 1379 2267 librum
1400 2207 1442 2264 de.
1458 2205 1562 2262 Gloria

412 2319 479 2358 com
491 2301 660 2368 Prooemio,
683 2307 739 2372 iam
759 2304 893 2380 apposito
901 2302 960 2375 Jib.
976 2297 1102 2369 auimo
1114 2295 1178 2372 QQ.
1192 2291 1304 2372 equod
1325 2286 1562 2348 animadvertens

412 2379 581 2438 emendavit
600 2381 659 2440 alio
678 2384 832 2446 Prooemio
848 2427 856 2439 .
875 2381 954 2440 Vide
973 2381 1063 2454 Epist.
1078 2387 1102 2436 o.
1117 2377 1153 2436 od
1174 2375 1310 2431 Atticum
1330 2369 1378 2426 lt'b.
1402 2389 1447 2428 ις.
1459 2367 1506 2422 De
1520 2364 1564 2420 in·

411 2459 632 2523 terlocutoribus
652 2463 686 2520 in
706 2463 773 2520 libb.
784 2463 818 2520 de
838 2462 944 2536 Repub.
957 2460 1083 2539 loquitur
1098 2459 1159 2516 Cic.
1172 2455 1262 2526 Epist.
1277 2471 1322 2512 15.
1337 2449 1387 2506 lib.
1404 2473 1432 2518 4.
1445 2445 1482 2504 od
1508 2444 1562 2501 At-

400 2540 525 2605 ticum.
545 2539 636 2600 libro
653 2559 749 2602 nutem
774 2563 799 2599 t.
817 2541 899 2600 Ture.
913 2540 977 2616 QQ.
991 2535 1071 2600 offert
1093 2537 1188 2594 locum
1210 2529 1348 2592 Platonis
1362 2548 1396 2595 ex
1411 2535 1437 2582 ό.
1454 2543 1508 2586 suo
1530 2525 1563 2580 l'·

413 2620 460 2676 bro
480 2619 514 2677 de
533 2620 712 2701 Repub.1pse
731 2623 768 2681 de
787 2643 816 2681 se
837 2639 971 2688 testatur,
983 2620 1100 2678 vertisse
1120 2618 1153 2673 in
1174 2613 1313 2684 Latinum
1336 2606 1490 2676 nonnullos
1507 2605 1567 2666 De·

415 2697 599 2769 mosthenis,
619 2720 648 2760 et
675 2700 809 2761 Eschinis
841 2703 1015 2760 Orationes:
1034 2695 1104 2777 quae
1129 2694 1285 2752 l'trsiones
1304 2707 1365 2750 non
1391 2699 1564 2764 comparent
1645 2683 1646 2690 ’

412 2779 466 2839 sub
485 2781 635 2840 Ciceronis
654 2785 790 2842 nomine.
804 2787 927 2844 Constat
948 2784 1046 2847 etiam,
1066 2779 1098 2834 in
1113 2775 1251 2836 Latinum
1272 2765 1563 2837 uertisseffirnaeutn
1645 2783 1646 2790 ¹

416 2861 569 2926 Platonis.
587 2879 616 2920 et
637 2864 774 2942 quaedum
796 2883 830 2920 er
853 2865 994 2929 Homero,
1016 2877 1048 2940 ut
1069 2873 1187 2916 testatur
1207 2854 1269 2932 ipse
1288 2851 1310 2907 l.
1323 2871 1347 2909 s.
1369 2850 1401 2904 tle
1424 2845 1565 2906 Finibus,
1645 2905 1646 2908 Ἰ

417 2939 468 2998 ubi
489 2939 591 3018 legitur
605 2943 726 3000 Homeri
747 2943 826 3000 locus
846 2943 881 3000 de
902 2944 1034 3002 Sirenum
1054 2934 1218 2998 cantu.Dt
1238 2929 1423 2988 consolatione
1444 2929 1471 2982 in
1494 2944 1567 2982 rnor-
1645 2913 1646 2932 ¹

416 3036 444 3075 te
468 3019 616 3083 Tulliolae,
627 3040 675 3079 seu
695 3022 834 3079 delectu
854 3025 998 3081 trtinttendo
1018 3018 1110 3076 multu
1130 3014 1230 3074 scribit
1250 3011 1394 3070 Ciceroin
1406 3006 1515 3079 Ep-istt.
1529 3004 1566 3062 sd
1645 3029 1646 3078 t

416 3100 688 3158 Atticum.Utrum
707 3119 803 3160 autem
824 3093 985 3184 genuinum
1008 3099 1158 3160 Ciceronis
1168 3091 1250 3172 Opus
1270 3093 1327 3158 sit,
1342 3087 1419 3168 quod
1432 3084 1487 3144 sub
1509 3084 1582 3142 hocs

413 3177 503 3237 titulo
524 3180 635 3255 prodiit
654 3182 803 3239 Bononiae
815 3203 860 3241 an.
878 3193 951 3260 1583
965 3196 977 3240 ‚³
991 3181 1057 3239 ride
1068 3175 1293 3237 Dissertationes
1314 3170 1462 3241 adjunctas
1484 3185 1567 3244 prat-

416 3258 497 3317 dicto
518 3261 615 3340 Operi,
638 3260 693 3340 legi
714 3261 825 3342 dignas,
848 3286 862 3322 a
883 3265 1004 3345 Sigonio
1017 3305 1025 3327 ‚
1038 3279 1067 3318 et
1088 3255 1257 3314 Riccobono
1276 3248 1499 3310 lucubratus.ln
1515 3243 1567 3316 lib.
1645 3253 1646 3328 ]

416 3338 453 3396 de
473 3339 547 3400 Foro
567 3341 671 3400 desunt
692 3344 836 3409 multa,et
859 3343 998 3402 nonnullo
1019 3343 1051 3398 in
1067 3339 1135 3394 libb.
1151 3327 1464 3391 de.Diuin.Servinsin
1485 3325 1567 3400 Vtrg.
1645 3385 1646 3396 ἶ

415 3419 487 3477 citat
507 3421 635 3502 Elegiem
656 3420 807 3480 Ciceronis
831 3422 1000 3480 Tomelostis
1019 3418 1211 3496 inscriptam.
1234 3413 1276 3472 Ex
1298 3415 1360 3486 eius
1380 3406 1566 3477 Orationibus
1645 3397 1646 3418 ¹

416 3499 578 3560 innumeris
600 3503 705 3559 multae
734 3503 962 3571 interciderunt,
984 3519 1102 3582 quarum
1131 3495 1314 3552 mentionem
1343 3485 1425 3548 fucit,
1442 3488 1509 3546 Cic.
1534 3488 1569 3552 in
1645 3523 1646 3568 l

416 3578 542 3650 Epiro..
562 3600 590 3640 et
611 3584 675 3640 aliis
687 3581 851 3660 Operibus,
873 3584 1037 3661 intorques
1063 3595 1129 3638 sunt
1151 3574 1307 3636 Orationes,
1328 3569 1433 3648 quibus
1454 3567 1569 3625 restitit
1645 3575 1646 3634 l

415 3658 535 3750 Metello
556 3665 675 3742 Nepoti,
694 3661 775 3721 Trib.
789 3663 826 3740 pl.
842 3707 849 3729 ‚
863 3665 899 3720 de
919 3661 1022 3742 quibus
1045 3661 1076 3718 in
1098 3657 1188 3731 Epiust.
1201 3655 1237 3712 nd
1257 3649 1409 3711 Metellum
1430 3647 1566 3706 Celerem
1645 3681 1646 3692 .

415 3757 477 3803 ems
496 3736 631 3800 fratrem:
653 3742 753 3800 Oratio
774 3761 825 3819 pro
846 3745 994 3810 Vatinio,
1015 3759 1100 3820 quern
1129 3753 1212 3796 antea
1240 3733 1342 3792 'acriter
1362 3728 1566 3794 attemperat:
1645 3735 1646 3804 t

411 3821 505 3893 ⁴Binne
527 3841 577 3899 pto
598 3823 815 3899 Atilio,quem
838 3820 882 3881 bis
902 3843 981 3882 reum
1003 3814 1118 3900 capitis,
1140 3813 1220 3874 rebus
1241 3812 1336 3877 solvis,
1358 3805 1492 3866 defendit
1506 3851 1514 3873 ,
1528 3805 1566 3865 de

416 3900 520 3982 quibus
540 3903 573 3960 in
593 3902 684 3977 Epist.
706 3903 743 3962 sd
761 3904 921 3965 Curionem
940 3903 989 3962 lib.
1019 3922 1045 3964 r.
1071 3897 1195 3958 Fatrtils
1213 3893 1305 3960 alise.
1325 3891 1369 3954 Et
1401 3911 1466 3963 tn,
1488 3905 1569 3970 quae
