3317 4817
647 324 702 393 AT
732 402 736 409 ,
1169 350 1207 406 47

118 426 184 471 rtem
212 404 301 473 triam
322 403 392 468 citat
413 422 435 462 t.
449 423 493 464 ιν.
506 404 552 462 lib.
568 424 592 471 3·
606 404 719 463 citatur
739 402 827 463 etiam
849 404 953 464 aPlin,
965 405 998 463 in
1019 402 1098 465 istst.
1109 406 1159 476 N,
1172 410 1250 476 etde

95 482 100 493 ’
130 490 218 549 itibus
239 484 325 546 binos
346 483 415 541 libb.
426 484 571 563 scripsisse
592 484 730 546 traditur.
750 484 887 544 Forsitan
906 486 1036 545 diuersus
1055 503 1117 545 non
1136 486 1200 547 fuit.
1213 489 1249 548 ab
1286 482 1309 529 f

105 566 228 631 Attico,
250 566 300 643 qui
323 568 469 643 sequitur.
1090 602 1093 611 -
1238 610 1243 618 ,
1305 560 1307 566 ’

142 646 268 713 Atticus,
281 644 386 702 Ovidii
407 644 516 705 amicus
537 644 645 710 Poeta,
677 642 709 705 ui
728 642 869 703 nonnulla
888 643 996 705 Ouidii
1015 647 1152 706 Poemata
1171 644 1251 705 vide·

98 742 147 788 tur
167 724 350 791 emendasse,
370 740 403 781 ut
422 720 569 805 colligitur
590 742 624 780 ex
668 724 736 797 pist.
750 724 856 782 Ovidii
875 724 913 785 ad
931 745 1016 796 eum,
1036 746 1109 809 quae
1128 724 1249 792 habetur

94 806 146 863 lib.
160 824 188 863 2.
200 806 234 863 de
253 802 361 861 Ponto.

139 885 256 943 Atticus
281 880 380 949 (Ant.
394 878 422 956 ),
444 880 574 950 Rhetor,
596 880 632 940 de
652 898 710 963 quo
726 883 848 944 ·M.Sen.
860 882 893 943 in
914 883 998 944 Suus.

133 966 255 1024 Atticus
276 962 335 1041 (T.
352 963 496 1041 Pompon.
508 962 536 1039 ),
557 963 684 1021 intimus
703 964 746 1022 M.
756 965 825 1023 Tul.
846 968 908 1025 Cic.
929 969 1060 1033 amicus,
1080 983 1111 1025 et
1130 963 1248 1047 propin·

93 1068 173 1128 quus
194 1039 355 1105 affinitate:
376 1060 454 1099 soror
475 1042 600 1122 quippe,
614 1061 663 1101 aut
683 1038 742 1102 filia
762 1043 854 1101 Attici
874 1062 1008 1124 nupserat
1027 1046 1177 1104 Ciceronis
1196 1045 1247 1107 fra

91 1144 151 1187 tri.
173 1126 241 1185 Erat
262 1124 315 1181 Vtr
335 1122 458 1189 Graece,
473 1140 501 1179 et
523 1122 626 1181 Latine
646 1120 791 1182 decussa
813 1143 892 1203 patre
911 1142 970 1183 suo
984 1128 1089 1205 Equite
1102 1125 1248 1185 ·Ronr.di·

94 1210 121 1265 ti
136 1223 195 1271 ,et
215 1207 249 1263 in
263 1201 367 1282 primis
387 1201 546 1259 litterarum
568 1198 700 1259 studioso
719 1203 858 1263 omnibus
877 1206 1040 1273 doctrinis,
1053 1205 1159 1285 quibus
1179 1225 1247 1284 pue·

91 1288 126 1346 ri
147 1281 302 1347 informari
322 1279 431 1344 solent.
451 1280 607 1363 diligenter
627 1279 771 1340 eruditus.
786 1281 830 1341 lta
853 1282 941 1343 Corn.
954 1284 1052 1365 Nepos
1071 1287 1105 1343 iu
1125 1289 1186 1361 ejus
1203 1284 1249 1341 Vi-

89 1384 139 1427 ta.
165 1364 202 1423 Ei
224 1367 328 1443 primas
348 1362 381 1417 in
403 1361 529 1429 Graeco,
541 1378 571 1417 et
583 1360 645 1421 Lat.
655 1378 785 1422 sermone
796 1364 899 1423 Cicero
918 1362 1069 1427 deferebar,
1089 1368 1150 1437 ejus
1169 1379 1245 1424 ceras
1339 1367 1341 1376 '

97 1445 273 1506 miniatnlas
292 1444 401 1501 timens
414 1482 430 1507 „
445 1458 477 1498 ut
508 1456 626 1497 testatur
646 1442 748 1499 Cicero
768 1444 801 1501 in
830 1443 922 1517 Epist.
940 1442 979 1501 ad
1003 1443 1152 1503 Atticum.
1173 1445 1245 1503 Fuit

98 1525 137 1586 ab
158 1525 244 1583 omni
264 1519 376 1583 ambitu
390 1522 422 1575 in
436 1519 593 1597 Republica
607 1514 744 1606 alienus.
765 1524 803 1579 Et
823 1540 889 1580 curn
910 1541 1040 1603 ternpore
1059 1520 1127 1581 belli
1147 1523 1246 1583 ci-vilie

90 1607 174 1665 inter
183 1606 279 1671 Caes,
294 1618 324 1660 et
333 1600 505 1679 Pompeium
519 1598 571 1656 alii
584 1599 617 1656 in
628 1596 818 1669 factionibus,
828 1620 857 1660 et
877 1604 964 1661 armis
977 1620 1071 1662 essent
1081 1626 1088 1665 r
1097 1598 1148 1659 ille
1167 1602 1260 1670 litto.

91 1706 189 1747 rarum
210 1681 317 1741 studiis
342 1676 568 1749 dominavabat
587 1696 719 1758 operam,
742 1696 794 1739 nec
819 1684 1005 1763 Pompeianis
1025 1679 1173 1749 addictus,
1193 1678 1246 1744 nec

92 1763 296 1829 Caesarianis,
318 1756 367 1815 sed
387 1752 525 1820 omnibus
546 1758 721 1817 diversarum
743 1758 869 1839 partium
889 1761 1080 1841 charus‚quia
1102 1759 1136 1817 in
1156 1778 1248 1821 utros·

87 1864 146 1923 que
167 1838 324 1901 beneficus,
343 1856 410 1895 cuns
432 1842 493 1910 ejus
514 1855 621 1915 opera,
643 1840 689 1896 rel
709 1841 831 1918 pecunia
861 1841 926 1897 indi
947 1840 1052 1898 ebant.
1079 1840 1164 1899 Plura
1184 1840 1244 1900 edi-

88 1924 137 1983 dit
158 1924 272 1989 soluto,
294 1937 325 1977 et
342 1916 602 1999 alligatopedibus
622 1937 775 1976 sermone.
797 1920 858 1977 Cic.
868 1920 902 1977 in
922 1862 1078 1994 {pisrnad
1096 1936 1164 1978 curn
1185 1938 1244 1978 ms·

85 1993 183 2061 min‘ic
205 2002 440 2075 Epigrammatum
461 1996 495 2053 ab
520 1994 621 2079 Attico
640 1998 673 2057 in·
693 1995 866 2057 Amalthaeo
886 1999 957 2059 villa
977 2000 1153 2078 positorum.
1172 2002 1245 2058 Scri·

82 2138 85 2143 .
107 2086 181 2143 sisse
199 2082 288 2141 etiam
308 2075 396 2137 fertur
416 2076 452 2134 de
473 2072 646 2152 Imaginibus
664 2076 769 2137 illustr,
785 2074 927 2143 Virorum,
949 2079 1055 2159 quibus
1075 2079 1243 2159 subscripsit

84 2103 187 2223 bevia
202 2164 412 2221 Carmeorum
442 2150 539 2213 laudes
567 2156 771 2225 continentia,
793 2175 823 2216 et
851 2156 919 2217 haec
940 2156 1059 2218 fortasse
1086 2176 1155 2217 sunt
1174 2159 1242 2233 Epi-

83 2262 206 2319 gramm.
222 2241 259 2299 de
277 2236 356 2321 quib.
370 2238 431 2297 cic.
445 2234 554 2293 Eodem
576 2255 649 2295 teste
669 2240 702 2295 in
716 2238 837 2296 Oratore
855 2236 953 2297 edidit
971 2235 1107 2309 Annales,
1116 2255 1243 2300 roam·

89 2340 198 2402 norum
219 2340 263 2378 res
281 2318 485 2383 continentes,
505 2331 578 2395 quos
596 2317 669 2373 citat
688 2316 777 2375 Corn.
792 2315 890 2397 Nepos
910 2321 944 2376 in
965 2316 1057 2377 Aurei
1074 2319 1243 2399 uita,quos·

86 2422 144 2484 que
163 2402 237 2465 citat
258 2401 346 2457 etiam
368 2399 428 2457 Cic.
442 2396 478 2453 de
498 2394 541 2450 Cl.
556 2394 635 2453 Orat.
650 2394 686 2453 ab
697 2398 801 2457 Attico
820 2399 854 2454 in
875 2398 1026 2457 nonnullis
1045 2397 1244 2469 dissentiente

85 2500 116 2543 et
138 2482 257 2539 veniam
278 2478 313 2537 ab
333 2496 387 2541 eo,
407 2494 467 2555 quo
487 2486 553 2530 turn
575 2474 720 2553 loquitur,
733 2477 841 2535 urbane
860 2495 962 2536 orans.
977 2476 1151 2538 Lucubravit
1165 2500 1242 2559 prae·

84 2578 166 2621 terea
186 2560 299 2618 Catonis
319 2558 422 2622 vitam,
433 2570 465 2613 et
483 2554 577 2610 riute
595 2548 837 2628 Megistraribus,
857 2574 885 2614 et
915 2557 1021 2617 famil.
1042 2556 1125 2613 Rom.
1137 2561 1240 2629 Haec,

84 2658 116 2705 tt
137 2640 197 2699 alia
214 2653 440 2715 commemorata
459 2654 477 2691 a
497 2632 584 2689 Corn.
599 2630 713 2711 Nepote
734 2635 767 2690 in
787 2641 851 2711 ejus
869 2634 941 2695 Vita
959 2635 1075 2706 desid,
1091 2654 1121 2694 et
1142 2658 1240 2718 supet·

87 2736 162 2782 sunl:
180 2719 275 2781 solum
296 2712 394 2797 stagni,
415 2713 548 2791 aliquot.
569 2712 641 2770 Tiro
660 2710 726 2771 Tul.
740 2712 893 2773 Ciceronis
915 2714 1035 2774 libertus
1052 2716 1190 2795 collegit.
1208 2734 1238 2775 et

88 2800 216 2880 digessit
235 2800 268 2855 in
291 2806 335 2851 ru.
344 2794 407 2852 libb.
416 2791 597 2865 ‚sspisrnssic
610 2790 649 2847 ad
667 2790 818 2858 Atticum,
838 2810 874 2851 ex
892 2794 1015 2873 quibus,
1027 2798 1180 2852 -utetism
1201 2811 1237 2853 et

87 2880 196 2952 Epistr.
206 2874 407 2943 familiaribus,
427 2870 558 2934 Historia
568 2872 657 2929 Rom.¹
669 2870 786 2931 illorum·
808 2890 974 2953 temporum
993 2874 1170 2946 innotescit.
1185 2868 1239 2931 ul

81 2960 126 3020 de
149 2957 243 3031 Epist,
255 2976 302 3015 ιι,
312 2952 361 3017 lib.
376 2954 404 3023 9‘,
416 2952 455 3009 ad
472 2951 538 3009 Atr.
551 2952 685 3009 'Plurima
711 2950 850 3013 beneficia
877 2950 1109 3013 Atheniensibus
1134 2966 1236 3013 contu·

88 3038 124 3096 lit
147 3058 214 3100 cunr
236 3035 363 3099 Athenis
384 3050 561 3098 versaretur,
581 3030 689 3111 quibus
715 3051 854 3116 magnum
874 3034 995 3092 Civium
1015 3030 1134 3091 illorum
1162 3047 1239 3099 anse-

84 3138 148 3177 rern
169 3116 229 3177 sibi
247 3114 434 3176 conciliavit.
444 3113 532 3171 Obiit
552 3112 716 3169 voluntaria
728 3114 828 3171 inedia
838 3131 884 3171 an.
897 3117 934 3173 V.
947 3115 980 3174 C.
993 3131 1138 3185 72222ose
1158 3112 1240 3173 cerr.

83 3216 165 3259 estun
191 3218 251 3271 μ,
271 3196 376 3255 aetatis
395 3212 441 3263 77.
455 3236 466 3259 ,
485 3188 590 3249 frustra
610 3190 847 3253 dissuadentibus
865 3198 927 3270 ejus·
944 3195 1104 3251 consilium
1113 3194 1236 3263 micis,

84 3281 138 3359 qui
159 3275 312 3335 hominem
334 3276 367 3331 in
387 3292 490 3330 omnes
509 3268 688 3336 beneficum,
710 3290 741 3329 et
760 3273 877 3333 nemini
899 3291 961 3334 non
981 3271 1171 3331 charum·diu
1192 3276 1240 3330 vi·

83 3378 154 3417 vere
173 3357 332 3437 optabant.
354 3354 464 3410 Verum
485 3351 599 3411 dolores
617 3352 746 3411 acerbiss.
759 3351 887 3433 ,quibus
904 3349 1157 3419 afflictabantur
1170 3354 1234 3433 qui·

82 3438 140 3499 bus
159 3432 261 3498 flustra
282 3435 392 3495 mederi
413 3433 540 3497 studuit,
564 3448 657 3489 morte
675 3436 786 3510 pejores
804 3432 862 3513 ipsi
884 3435 941 3493 visi
963 3450 1048 3500 sunt,
1071 3452 1123 3493 nec
1143 3433 1236 3508 tantis

83 3517 239 3577 doloribus
258 3518 351 3596 digna
369 3513 464 3573 salus.
483 3511 579 3572 Multa
597 3512 636 3571 ad
655 3530 723 3568 eum
742 3528 814 3571 sunt,
830 3512 1017 3595 Cieopera,
1031 3530 1063 3572 ut
1084 3514 1122 3572 de
1139 3511 1235 3574 Amic,

85 3598 122 3655 de
145 3595 254 3655 Senttt.
265 3615 323 3657 cet..

123 3677 301 3753 Artilicinur,
323 3666 549 3732 iurisconsultus·
566 3670 672 3731 citatur
692 3670 726 3728 in
748 3670 790 3729 rin
806 3670 845 3733 de
866 3670 984 3732 Haered
998 3670 1084 3731 instit.
1099 3668 1234 3729 Iustinia-

89 3774 189 3813 uarum
210 3756 336 3813 Irisritur.
349 3748 473 3817 Docuit,
495 3770 592 3811 servos
604 3770 693 3837 posse
711 3750 845 3811 haeredes
863 3756 982 3813 institui
1008 3755 1097 3812 etiam
1117 3762 1238 3813 manen·

81 3851 126 3894 tes
153 3838 187 3893 in
200 3838 359 3896 servitutes
375 3852 445 3912 quae
458 3832 572 3911 Opinio
596 3830 728 3911 probatur
739 3835 907 3893 Iustiniano
917 3884 923 3897 .
935 3835 995 3893 Hic
1006 3833 1234 3894 Iurisconsultus

81 3916 186 4057 {pullo
205 3913 414 4054 Iurisconlsltltlto
434 3911 494 3977 fuit
511 3914 674 3995 antiquior,
693 3930 725 3973 et
742 3916 818 3974 inter
834 3916 908 3975 Ver.
924 3913 1146 3981 Jtuisconntltos
1164 3915 1226 3975 lau·
1298 3989 1301 3996 Ι

119 4012 407 4067 wmwmo.
1155 4006 1159 4017 ·
