3317 4817
423 350 625 470 cutiam
656 422 767 469 nomen
785 406 830 470 eir
848 330 1116 482 tinniebant,
1137 414 1204 495 quia
1231 412 1404 495 putabantur
1423 428 1565 479 asnorum

420 491 556 558 Scientia,
576 508 663 569 quam
676 487 814 554 Chaldaei
835 492 927 570 praeci
1003 492 1205 564 excoluerunt,
1218 496 1315 555 ornati
1333 515 1412 555 esse.
1425 497 1567 555 Astrono·

422 573 490 638 mia,
499 589 528 629 et
540 571 606 629 aliis
619 570 785 651 disciplinis
798 570 929 633 reriCha
939 572 1022 637 daei.
1034 594 1083 633 seu
1096 576 1128 633 in
1142 572 1285 637 chaldaea
1305 576 1366 635 nati
1375 596 1407 644 ,a
1425 574 1496 637 liliis
1502 579 1567 636 Noe

422 651 530 719 eruditi
550 649 813 713 fiteruntHebrsei
825 652 861 711 in
873 650 1015 713 Chaldaea
1033 651 1248 717 commorante}
1266 653 1317 715 has
1336 672 1427 725 artes,
1438 673 1469 715 et
1483 656 1570 715 disti·

421 730 532 813 plinas,
550 754 566 791 a
583 731 725 792 Chaldaea
742 733 775 790 in
789 733 956 825 Aegyptum
979 736 1188 797 transtulerunt
1203 782 1211 805 ,
1225 757 1256 797 ac
1270 754 1369 817 postea
1386 736 1420 794 in
1442 733 1570 797 Phoeni·

420 830 477 881 aas,
489 812 540 892 qni
560 813 674 873 easdem
694 814 729 871 in
748 813 900 875 Graeciam
922 834 969 896 per
989 814 1135 877 Cadmum
1155 817 1393 885 deduxerunt,et
1412 836 1461 897 per
1481 818 1570 877 Grae·

418 913 469 951 cos
489 894 527 952 ad
542 894 716 953 Romanos.
738 894 843 953 Graeci
862 887 977 965 ausim,
997 916 1029 957 ae
1049 897 1178 957 Romani
1191 938 1199 963 ‚
1212 899 1262 978 qui
1283 894 1351 958 haee
1372 914 1433 955 non
1453 896 1571 979 ignora·

419 971 511 1039 bant,
532 976 638 1055 quique
668 972 862 1037 Hebraeorum
883 976 1035 1037 volumina
1054 978 1207 1060 legebant,
1228 996 1327 1057 parum
1354 994 1435 1059 grato
1465 977 1569 1035 animo

420 1053 453 1111 in
475 1052 619 1113 Hebraeos
638 1051 773 1113 fuerunt:
793 1073 861 1117 cum
883 1058 933 1115 vix
954 1060 1114 1138 primorum
1135 1060 1342 1141 Magistrorurn
1361 1074 1499 1119 suorum,
1520 1075 1572 1118 seu

420 1152 536 1203 eorum,
548 1154 582 1194 ex
596 1154 719 1215 quorum
730 1135 813 1201 libris
824 1138 905 1217 plura
924 1155 1105 1218 sumpserant
1113 1182 1121 1207 ,
1129 1135 1252 1199 fecerint
1265 1137 1448 1197 mentionem
1463 1137 1496 1193 in
1509 1137 1572 1195 suis

423 1212 583 1293 Operibus,
598 1216 673 1284 nisi,
694 1232 728 1274 ut
746 1217 857 1277 eisdem
878 1216 1080 1279 detraherent:
1100 1219 1207 1281 adeone
1225 1218 1261 1277 de
1281 1218 1353 1297 ipsis
1372 1216 1432 1277 dici
1453 1217 1570 1303 possit,

421 1294 500 1373 quod
520 1294 557 1352 de
575 1296 685 1363 Ennio,
698 1298 803 1357 Naevii
816 1298 954 1381 plagiario
965 1300 999 1360 in
1011 1298 1107 1359 lib.de
1120 1300 1166 1357 CI.
1176 1295 1481 1377 Orat.'l'ullius:plura
1492 1316 1572 1354 sum·

421 1374 511 1453 psisse
530 1394 565 1433 ex
578 1376 725 1444 Hebraeis,
746 1378 771 1435 si
790 1374 949 1439 fateantur:
963 1380 1146 1459 surripuisse,
1159 1380 1184 1439 si
1197 1376 1280 1438 fateri
1299 1377 1572 1437 detrectent.Grae·

421 1470 471 1511 cos
491 1472 596 1523 antem,
612 1472 640 1514 et
662 1458 819 1519 Romtum
830 1462 947 1528 Poetas,
959 1478 1023 1521 rum
1033 1458 1272 1540 Philoropbosde
1291 1456 1484 1519 Hebraeorum
1505 1452 1572 1514 fon·

422 1533 503 1595 ribus
522 1553 643 1615 potasse,
664 1537 887 1601 satisdatione
907 1546 969 1615 eins
987 1542 1140 1619 Opera,et
1157 1540 1319 1601 ostendunt
1336 1535 1438 1597 Euseb.
1458 1532 1570 1597 Caesar.

421 1612 456 1672 in
475 1614 607 1689 Praepar.
624 1616 734 1696 anng.
746 1620 870 1697 Cyrillut
892 1621 974 1679 Alex.
990 1622 1023 1679 in
1043 1619 1167 1690 Suum„
1187 1638 1217 1679 et
1234 1617 1445 1681 Tertullianus.

464 1694 598 1763 Crinitae,
618 1698 681 1755 sive
689 1698 813 1769 cainani,
824 1702 887 1761 sive
895 1701 1004 1760 Criniti
1023 1698 1206 1781 haeret.,qui
1226 1698 1357 1759 colebant
1367 1698 1570 1765 Cainumdu·

423 1773 490 1832 dam
512 1776 705 1854 proditorem,
726 1776 991 1847 Chore,Dathan.‚
1010 1798 1039 1839 et
1060 1780 1196 1848 Abiron,
1216 1780 1275 1838 orti
1287 1794 1355 1837 sunt
1376 1776 1412 1836 ad
1432 1776 1569 1835 medium

422 1856 480 1913 Sec.
492 1877 519 1914 2.
532 1856 607 1915 Etcl.
621 1857 673 1916 sub
693 1860 853 1921 Antonino
873 1865 928 1923 Pio
948 1864 1075 1942 Imp-,et
1092 1863 1119 1923 S.
1135 1860 1191 1921 Pio
1211 1862 1234 1919 1.
1251 1861 1338 1925 Rom.
1351 1860 1438 1919 rone
1452 1858 1509 1917 Eos
1530 1874 1571 1915 re·

420 1931 497 1995 fellit
518 1938 544 1994 S.
557 1936 664 2017 Epiph.
680 1938 798 2000 Haerest'
819 1957 865 2011 38.

318 2056 324 2065 ·
422 2085 426 2091 ,
464 2015 549 2093 Cujus
560 2019 708 2080 ,Gramm
720 2020 756 2079 de
778 2022 859 2099 orig.
878 2022 978 2081 Vocab.
990 2021 1095 2083 citatur
1115 2042 1131 2081 a
1151 2019 1245 2080 Gell.
1260 2040 1305 2078 ιι.
1316 2038 1340 2077 c.
1354 2038 1399 2081 rr.
1413 2014 1485 2075 NN.

466 2096 559 2172 Cajus,
581 2098 668 2157 Rom.
689 2100 915 2182 Presbyter,qui
934 2103 964 2161 fl.
989 2124 1013 2178 3.
1033 2102 1110 2161 Eeel.
1122 2104 1180 2161 Set.
1194 2101 1302 2159 initio.
1324 2096 1444 2177 Scripsit
1463 2112 1568 2156 contra

425 2176 639 2241 Montanium,
657 2183 739 2253 cujus
758 2183 869 2263 Scripta·
889 2182 1031 2243 nonnulla
1049 2182 1232 2243 conservarit
1258 2178 1420 2247 Eusebius,
1439 2196 1512 2257 quae
1534 2178 1570 2235 in
1638 2212 1639 2239 r

421 2274 458 2313 eo
476 2254 533 2391 lepi
557 2273 698 2335 possunt.

461 2336 488 2393 S.
524 2334 595 2411 ujus,
608 2337 694 2396 Rom.
707 2340 793 2405 Pone.
804 2340 985 2401 Diocletiani
998 2342 1247 2424 consanguineus.
1260 2357 1290 2399 et
1301 2338 1354 2399 sub
1364 2357 1399 2397 eo
1419 2356 1471 2417 pro
1482 2333 1571 2396 Chri·

422 2429 467 2475 sto
488 2434 586 2493 passus
604 2423 791 2497 martyrium,
810 2424 863 2503 qui
881 2424 1021 2484 ordinum
1040 2425 1161 2507 gradus,
1176 2420 1281 2505 quibus
1300 2420 1338 2480 ad
1356 2417 1569 2500 Episcopatuna

420 2495 632 2563 ascenderetur,
652 2499 821 2562 ordinavit.
1065 2572 1069 2577 ¹
1268 2538 1273 2545 -

463 2573 892 2651 Cajus(T)‚Jurisconsultus.
913 2581 984 2641 Bini
1002 2584 1131 2661 ejusdem
1154 2580 1286 2641 nominis
1298 2574 1502 2639 Iurisconsulti
1522 2596 1568 2635 ee·

420 2653 511 2715 lebrts
529 2651 645 2715 funum
659 2704 666 2727 ,
680 2680 713 2719 ac
731 2665 809 2722 inter
819 2665 1004 2743 iurisperiros
1023 2663 1291 2725 dubitarnr‚cuiex
1303 2658 1416 2718 duobus
1435 2654 1571 2715 tribuen·

419 2735 474 2795 dus
491 2737 531 2795 sit
551 2736 635 2794 Liber
650 2739 861 2801 Institutionum
874 2784 882 2807 ‚
894 2759 929 2803 ex
943 2762 1001 2823 quo
1021 2763 1087 2803 suos
1108 2744 1235 2802 maxima
1255 2760 1289 2799 er
1311 2756 1390 2818 parte
1408 2734 1508 2795 hausit
1519 2738 1568 2795 Ju-

327 2876 335 2884 ,
419 2818 565 2876 stinianus
577 2861 585 2886 ,
599 2819 644 2878 vel
664 2823 830 2902 quicunque
848 2828 910 2887 eius
930 2824 1053 2881 nomine
1072 2822 1266 2881 Institutioncr
1284 2819 1364 2875 luris
1384 2816 1569 2885 lucubravit,

361 2957 364 2964 ,
420 2896 506 2957 illum
528 2898 624 2976 sajum
645 2919 769 2959 nostrum
788 2903 958 2982 appellans.
980 2904 1024 2961 Ex
1052 2901 1099 2963 his
1126 2902 1196 2961 alter
1226 2900 1342 2979 scripsit
1362 2899 1512 2955 commen.
1536 2898 1567 2953 in

418 2976 496 3049 leges
516 2995 561 3033 ra.
586 2977 712 3048 Tabai,
732 3001 856 3061 quorum
877 2980 1035 3065 fragmenta
1062 2984 1095 3041 in
1116 2982 1253 3058 Digestis,
1268 2978 1420 3061 leguntur.
1444 2977 1570 3037 Citatur

408 3072 510 3111 'etiam
531 3056 564 3112 in
584 3055 733 3117 Pandectt's
753 3062 843 3140 Gajus
870 3082 922 3143 pro
944 3063 1051 3140 Cujus,
1071 3064 1121 3143 qui
1142 3062 1258 3141 scripsit
1284 3059 1322 3117 ad
1341 3058 1471 3117 Edictum
1493 3055 1569 3113 Pro·
1637 3114 1638 3121 χ

420 3134 540 3271 pincipis
566 3135 661 3215 plures
690 3137 796 3201 libros'.
816 3142 895 3217 Vide
920 3143 954 3203 in
975 3144 1046 3221 Dig.
1065 3144 1116 3201 lib.
1137 3164 1166 3205 s.
1185 3144 1229 3203 εῖτ.
1251 3162 1278 3210 3·
1298 3140 1333 3198 de
1354 3137 1436 3215 petit.
1456 3134 1570 3195 Haere-

439 3231 538 3272 irato.

462 3294 611 3355 Calatinus
629 3297 778 3374 (Attilius
792 3302 830 3379 ),
850 3303 1074 3369 Jurirconsnltus
1092 3320 1144 3368 ‚et
1162 3300 1255 3361 iudex
1275 3299 1308 3357 in
1329 3299 1381 3359 lite
1401 3295 1437 3357 de
1457 3294 1570 3357 trium·

421 3370 481 3455 pho
490 3377 567 3435 inter
579 3381 767 3451 Luctatinm,
786 3402 817 3443 et
837 3385 984 3445 Valerium
1004 3402 1072 3469 post
1090 3384 1235 3443 devictam
1255 3382 1419 3443 Poenorum
1439 3376 1569 3439 classem

420 3474 507 3535 prope
525 3458 676 3519 Siciliam.
696 3464 733 3519 V.
755 3465 819 3524 Val.
840 3466 882 3525 M.
903 3465 924 3522 l.
938 3484 965 3523 ι,
988 3485 1011 3523 c.
1031 3478 1058 3521 ε.
1079 3466 1146 3525 Hoc
1164 3463 1307 3540 judicium
1330 3460 1399 3518 satis
1418 3453 1479 3515 fuse
1500 3476 1571 3515 nar·

415 3554 462 3600 rat
483 3538 547 3595 Val.
566 3541 610 3597 Μ.
630 3541 695 3599 loco
712 3543 821 3610 citato,
834 3548 867 3605 in
887 3565 945 3625 quo
959 3545 1105 3604 Calatinus
1125 3544 1208 3603 litem
1229 3542 1314 3601 dedit
1333 3537 1491 3599 seeundum
1506 3539 1569 3597 Lu·

419 3617 542 3675 cratium
562 3622 718 3680 Consulem
733 3644 840 3685 eontra
859 3626 1007 3685 Valerium
1029 3628 1192 3685 Praetorem
1204 3668 1213 3689 ,
1225 3623 1277 3702 qui
1294 3617 1463 3701 adlegabat,
1483 3618 1570 3677 Con·

416 3695 507 3757 sulem
527 3717 656 3780 tempore
675 3721 786 3785 pugnae
805 3708 939 3768 claudum
961 3707 994 3764 in
1015 3706 1114 3767 lectica
1135 3704 1276 3779 ¹saeuisse,
1297 3720 1382 3782 seque
1402 3700 1571 3779 Imperato-

417 3777 470 3835 riis
489 3779 626 3838 omnibus
645 3786 773 3859 partibus
791 3782 926 3846 funerum
946 3788 979 3847 in
1000 3803 1097 3867 pugna
1116 3782 1220 3845 fuisse·

460 3855 581 3920 Calenus
599 3862 662 3939 (Q.
675 3865 821 3940 Fusius),
847 3870 890 3925 M.
912 3869 983 3925 Ant.
1004 3865 1167 3925 Triumviri
1193 3862 1323 3930 amitus,
1343 3860 1394 3940 qui
1421 3874 1488 3938 post
1511 3876 1568 3918 ne-

417 3956 481 4007 tem
501 3944 628 4007 Caesaris
645 3944 678 4001 in
698 3947 804 4008 Senatu
821 3948 919 4014 orarit
937 3946 1136 4029 proruant,
1157 3963 1195 4003 ne
1211 3940 1307 4007 bortis
1323 3940 1450 4021 Reipub.
1471 3936 1568 4007 hebe-
