3317 4817
435 329 490 375 ΧΠ

394 396 496 456 tuerit
514 390 664 475 professio,
676 383 781 458 rasse
803 410 926 478 nempe,
948 390 1103 465 Rhetores,
1120 388 1319 477 *introrepere
1329 400 1341 462 .'
1351 378 1547 461 'insessos‘

368 545 371 548 ι
395 488 451 542 tos,
463 475 601 537 Oratores
619 494 673 536 cet.
683 474 787 538 fuisse:
808 497 840 536 ac
851 496 975 557 pronum
987 495 1030 538 est
1050 478 1279 552 conticescens,
1293 477 1318 536 si
1336 477 1457 556 quidem
1471 496 1546 539 non·

393 552 475 615 uuila
486 554 649 625 ediderunt,
660 556 766 636 quibos
779 554 884 617 farriam
899 556 1048 619 doctrinae
1058 556 1115 618 sibi
1129 558 1332 625 conciliarunt,
1341 575 1357 616 a
1367 554 1546 638 professione

383 644 445 694 ‘sua
454 635 487 693 in
493 635 584 695 editis
591 638 735 719 Operibus
742 641 910 719 neutiquam
923 640 1083 699 recessisse.
1092 638 1401 718 Compluriumautcm
1412 643 1549 718 patruus,

393 712 565 782 litterariam
579 715 789 799 professionem
797 763 805 786 ,
813 736 935 786 sectam,
946 721 1047 779 munia
1059 720 1092 777 in
1104 717 1215 799 Repub.
1223 717 1312 784 obita,
1322 715 1547 789 bonotcsitent,

295 865 296 868 Ἴ
394 795 505 865 variam
518 792 677 868 fortunam,
690 816 719 858 tt
731 800 857 879 Scripta:
872 800 949 859 dicta
962 800 1081 865 dentum
1093 844 1100 869 ,
1114 816 1144 858 et
1157 796 1229 859 fasta
1240 798 1439 857 memorabilia
1450 818 1486 862 ex
1499 816 1547 859 ve-

392 889 487 935 terum
508 877 694 941 testimoniis
711 880 850 940 novimus
862 923 869 947 ,
883 895 916 939 ut
936 881 1025 939 ctiam
1047 880 1152 939 mortis
1170 898 1269 961 genus,
1282 897 1390 947 annos,
1411 894 1483 959 quos
1503 878 1548 939 si.-

390 957 815 1042 xeruut,caiudicium,quod
836 959 872 1019 de
892 958 953 1019 iilis
974 961 1060 1041 prisci
1079 960 1463 1053 Scriptoresconsignatum
1482 958 1551 1017 reli·
1648 1006 1649 1013 ,

388 1054 534 1118 querunt,
554 1057 627 1119 quae
648 1041 760 1100 Auctor
778 1040 908 1100 indicare
928 1058 989 1098 non
1010 1041 1238 1121 praetermittit.
1260 1038 1481 1098 Animadvertit
1500 1056 1546 1098 ta·

387 1134 458 1177 tntu
477 1118 538 1177 suis
556 1116 643 1188 locis,
654 1138 715 1178 non
726 1120 798 1192 adeo
817 1140 929 1181 taccam
950 1118 1036 1179 fidem
1059 1117 1253 1181 adhibendam
1264 1116 1439 1179 testimonio
1450 1119 1544 1179 etiam

300 1234 304 1240 ·
384 1194 638 1273 synchronomm,
656 1216 690 1262 ιιι
710 1222 775 1262 tera
801 1202 936 1281 protinus
963 1201 1127 1267 credamus,
1150 1218 1220 1279 quat
1248 1201 1305 1279 ipsi
1333 1215 1472 1279 promunt
1501 1198 1539 1257 de

371 1275 515 1353 »ejusdcm
537 1282 704 1358 praesertim
724 1278 933 1363 professionis,
955 1299 1004 1343 aut
1025 1280 1061 1341 de
1081 1280 1233 1348 adversae,-
1255 1298 1356 1340 suaeve
1368 1294 1542 1341 sectantur

387 1358 520 1419 nationis
539 1361 752 1441 scriptoribus,
773 1364 825 1445 qui
846 1382 904 1423 una
924 1382 990 1423 cum
1011 1362 1084 1443 ipsis
1102 1360 1260 1435 floruerunt
1274 1383 1281 1425 r
1293 1371 1360 1419 cunr
1379 1358 1543 1418 terendum

385 1438 443 1505 sit,
464 1456 502 1497 ne
521 1440 555 1502 in
574 1439 749 1519 judicando,
761 1444 808 1503 rel
826 1446 950 1526 gratiae,
972 1442 1018 1502 sel
1037 1441 1110 1501 odio
1129 1438 1241 1521 aliquid
1260 1438 1422 1503 consederet
1436 1480 1443 1494 .
1458 1438 1563 1497 Con·¹

388 1532 447 1578 stat
466 1522 583 1602 quippe,
604 1522 690 1604 prisci
710 1525 774 1584 aevi
796 1526 972 1591 Litteratos,
994 1540 1027 1585 ut
1047 1540 1125 1581 nunt
1145 1522 1216 1581 aeti·
1231 1521 1324 1581 nostri
1337 1516 1489 1588 ,“amicis;
1511 1532 1543 1577 et

390 1593 553 1661 fautoribus
563 1603 717 1671 ,immitis
729 1606 802 1665 item
815 1650 823 1673 ,
837 1622 923 1685 atque
942 1604 1055 1664 invidis
1077 1619 1137 1661 non
1157 1601 1298 1661 caruisse.
1320 1598 1459 1659 Divinum
1480 1600 1543 1657 Ho=

391 1686 504 1739 metum
525 1681 570 1757 (a)
590 1682 735 1765 appellant
748 1684 923 1751 Gracci,de
943 1689 1029 1757 cuius,
1044 1683 1134 1764 patria
1157 1681 1250 1761 plures
1267 1694 1378 1740 certant
1398 1679 1546 1749 civitates,

391 1776 422 1819 et
444 1757 641 1839 nihilominus
661 1763 736 1844 apud
757 1760 943 1825 Eustachium
965 1766 1106 1847 legimus,
1127 1760 1298 1822 Neutratcm
1312 1758 1466 1841 quemdam
1480 1762 1544 1835 ejus

389 1838 555 1918 aequalem,
567 1859 601 1902 ut
620 1845 648 1903 ei
658 1842 834 1914 detraheret,
846 1846 992 1926 scripsisse
1005 1884 1012 1907 .
1029 1846 1190 1903 Homerum
1213 1840 1340 1904 iliados·
1353 1855 1383 1897 et
1396 1836 1544 1911 Odysseae

377 1919 488 2000 ..Opera
499 1924 623 1986 exMcnr
647 1921 738 1985 hitica
756 1922 933 1985 bibliotheca
947 1924 1113 1984 inVuicani
1125 1918 1194 1983 fano
1213 1921 1338 2000 reposita
1358 1916 1545 1997 surripuisse,

391 2018 423 2057 ac
438 2018 470 2060 ut
491 2021 540 2060 sua
560 1944 821 2083 vontiitasse,quae
840 2006 988 2079 cujusdam
1011 2002 1158 2070 Postriae,
1172 2000 1220 2060 cui
1242 2018 1351 2059 nornen
1369 1994 1544 2063 Pharrrasia,

390 2080 485 2159 Opera
512 2099 613 2140 etanrr
646 2085 725 2161 quod
754 2083 943 2162 proculdubio
973 2083 1124 2145 Neutratis
1143 2078 1310 2163 phantasiae
1337 2092 1539 2144 commentum

386 2153 464 2217 fuit.
485 2160 562 2237 Quis
582 2164 716 2223 Lucretio
729 2160 825 2223 fidem
844 2161 946 2224 habeat
966 2162 1136 2229 affirmanti,
1150 2180 1215 2222 suae
1234 2177 1326 2219 sectae
1346 2157 1449 2217 docem
1472 2157 1542 2237 Epi·

389 2255 488 2297 cururn
510 2238 697 2321 Philosophis
717 2242 856 2303 otnnibos
877 2238 1178 2325 praeferendumiaut
1197 2241 1263 2321 quis
1283 2236 1409 2306 multum
1430 2234 1540 2320 tribuat

389 2316 429 2377 iis
441 2357 449 2380 ,
462 2320 513 2398 qui
525 2322 686 2390 Ciceronis,
698 2340 727 2381 et
739 2324 863 2407 Virgilii
882 2322 988 2385 famam
1006 2325 1124 2403 scriptis
1134 2322 1194 2383 suis
1207 2319 1355 2380 obscurare
1367 2310 1542 2390 voluerunt?

431 2400 486 2457 xl.
499 2400 588 2478 Quod
608 2403 717 2461 attinet
736 2401 771 2462 ad
794 2406 987 2487 Auguralem,
1008 2423 1037 2463 et
1058 2398 1428 2483 Aruspicinam,Magiam,
1441 2397 1542 2476 Astro-

389 2476 518 2559 logiam,
540 2500 626 2560 quam
648 2483 835 2546 Iudiciariam
857 2486 981 2550 dicunt,
1002 2504 1032 2544 et
1051 2484 1139 2550 alias,
1161 2483 1258 2562 siquae
1278 2496 1371 2547 sunt-v,
1392 2494 1479 2535 sanas
1498 2478 1542 2533 ai·

388 2574 448 2625 tes,
468 2578 621 2641 earumque
641 2559 829 2643 professores,
852 2566 904 2645 qui
924 2587 940 2626 a
962 2567 1063 2624 Roma*
1075 2562 1196 2623 condita
1221 2560 1257 2619 ad
1282 2556 1411 2621 Honorii
1430 2570 1543 2645 rempo-

377 2658 419 2706 ,ιι
439 2638 476 2696 de
493 2639 555 2699 illis
573 2644 763 2722 scripserunt,
784 2646 796 2721 (
816 2646 896 2725 quod
916 2646 953 2705 de
973 2643 1136 2708 haeseritis,
1155 2659 1185 2701 et
1212 2637 1404 2715 schismaticis
1425 2634 1540 2695 dictum

388 2714 513 2783 habeas,
532 2720 637 2801 quibus
656 2725 690 2781 in
711 2722 765 2784 hoc
785 2725 906 2801 Syllaba
927 2726 1024 2785 lotum
1044 2724 1165 2799 tribuo)
1177 2720 1253 2781 illud
1272 2720 1344 2780 scias
1357 2716 1445 2775 selim
1460 2716 1541 2791 ‚(ut

372 2794 468 2857 *htrnc
487 2799 576 2863 etiam
597 2803 760 2883 scrupulum
781 2807 908 2867 eximam
931 2802 1008 2881 >rab
1029 2806 1154 2864 Auctore
1166 2820 1215 2860 eos
1226 2795 1445 2865 commemorari
1459 2813 1541 2853 :non

383 2878 468 2959 ,quod
488 2884 628 2942 memoria
649 2883 716 2942 illos
735 2886 842 2969 dignos
861 2904 975 2945 censeat
994 2884 1138 2963 obOpera
1158 2881 1275 2947 saltem,
1295 2877 1401 2959 quibus
1419 2890 1485 2935 suos
1500 2894 1541 2933 tr·
1568 2936 1570 2939 ,
1648 2894 1649 2903 ’

388 2977 466 3018 rores
485 2979 692 3043 propagarunt,
713 2983 763 3023 aut
784 2984 1008 3045 promoverunt:
1029 2962 1096 3031 sedi
1118 2980 1165 3031 ut,
1186 2963 1211 3019 δί
1232 2957 1307 3019 forie
1325 2978 1373 3025 ea,
1387 2954 1542 3015 investien-

390 3053 459 3108 tut,
479 3038 516 3097 ab
535 3042 573 3098 iis
594 3042 724 3124 legendis
744 3044 960 3113 abstineamus,
981 3046 1026 3105 vel
1044 3062 1134 3103 xcarme
1161 3041 1309 3125 legamus,
1330 3038 1378 3097 sel
1403 3034 1542 3095 conbura-

391 3138 477 3179 mus.
498 3120 631 3180 Medicus
650 3122 804 3191 imitatur,
823 3143 853 3183 et
874 3128 1001 3205 sequitur
1023 3129 1148 3191 Auctor,
1168 3123 1220 3201 'qui
1241 3140 1303 3179 non
1323 3118 1458 3178 salutares
1476 3130 1540 3173 tan·

383 3212 456 3257 tum
476 3195 575 3260 herbas
595 3204 711 3283 scriptis
731 3207 790 3265 suis
810 3207 964 3275 indicant,
985 3206 1035 3265 sed
1048 3246 1056 3270 ,
1067 3202 1105 3264 tt
1116 3204 1218 3263 noxias
1233 3245 1240 3259 .
1260 3201 1327 3261 Illas
1340 3216 1347 3267 ·,
1361 3192 1541 3287 quibusuta·

390 3298 478 3344 murt
500 3282 568 3341 istas
588 3300 702 3353 autem,
725 3304 758 3345 ut
778 3286 962 3354 devitemus,
984 3288 1009 3345 si
1031 3286 1111 3353 vita,
1132 3300 1162 3343 et
1183 3281 1319 3342 valetudo
1347 3276 1433 3337 nobis
1458 3292 1539 3335 taret

348 3413 353 3419 .
388 3358 469 3423 sint:
489 3381 562 3442 quac
582 3363 710 3423 secundo
729 3366 794 3425 loco
814 3385 934 3425 monere
954 3370 1101 3428 Lectorem
1124 3363 1270 3445 placuit.·
1299 3357 1302 3363 ’

337 3518 340 3521 ἢ
430 3444 499 3501 Xil.
522 3444 699 3503 Prasmonco
720 3447 856 3515 tandem,
869 3449 1026 3506 Auctorem
1047 3446 1080 3503 in
1107 3442 1160 3505 hoc
1182 3444 1304 3518 Syllaba
1325 3458 1539 3524 nonnunquam

387 3520 443 3587 tub
462 3521 554 3583 dubio
573 3542 617 3583 res
636 3524 694 3586 sibi
715 3546 815 3607 parurn
836 3527 995 3608 exploratas
1015 3525 1146 3585 tradere:
1166 3525 1235 3606 quia
1261 3526 1365 3612 religio
1384 3528 1443 3609 ipsi
1470 3543 1539 3598 est,

398 3723 1522 3747 m

427 3827 472 3908 (ι)
484 3829 557 3889 Sunt
565 3838 661 3922 etiarn,
671 3837 719 3911 qui
738 3838 841 3907 δὶιαιιι,
852 3836 889 3893 ab
900 3835 1022 3930 Hpmero
1036 3836 1213 3907 Palamedis,
1224 3839 1254 3901 in
1267 3839 1374 3902 Castris
1389 3838 1541 3918 perempti,
1602 3904 1611 3915 ,

385 3908 525 3979 Poenum
541 3914 693 3993 decerpta,
706 3935 757 3976 aret
776 3931 880 3982 exusta
894 3914 1008 3996 furtos.
1488 3956 1490 3961 ,
