3317 4817
463 369 501 432 46
818 379 821 384 ⁴
924 388 931 399 ·
972 354 1027 417 ΡΑ

420 440 534 497 Metam
555 457 606 520 pro
627 438 760 498 Mecum:
774 438 898 499 Prandes
918 458 969 519 pro
990 438 1132 515 Frondes:
1146 434 1269 497 Peccata
1290 454 1341 517 pro
1364 432 1575 494 PeccatarFre·

421 537 453 577 tu
468 540 519 601 pro
527 519 627 577 Freto.
643 519 721 577 Plin.
733 537 862 583 testatur,
876 518 1029 578 nonnullas
1044 520 1145 577 ltaliae
1165 520 1299 589 civitates
1321 518 1350 574 Ο
1370 535 1432 575 non
1452 536 1577 597 usurpas-

421 620 466 659 se:
487 599 558 658 alias
574 599 607 656 U
622 600 825 669 caruisse‚vel
845 621 908 659 cam
931 620 992 657 non
1011 602 1234 680 pronunciasse.
1255 600 1384 657 Demum
1406 616 1467 655 non
1489 598 1577 655 omit·

349 675 355 685 ‘
419 681 543 738 'tendum
557 680 683 739 vocalem
697 681 725 738 Ο
738 683 770 740 in
784 681 1034 761 pronunciatione·
1044 682 1204 761 priscorum
1217 682 1416 739 Romanorum
1437 698 1573 761 maguam

354 829 359 833 q
418 758 593 828 affinitatem
615 759 748 821 habuisse
768 783 834 821 cum
855 760 1042 843 diphthongo
1054 761 1103 818 Aa
1114 803 1122 826 ‚
1135 780 1165 822 et
1183 760 1293 820 idcirco
1313 760 1423 828 multa,
1436 778 1511 839 quae
1523 777 1574 839 per

419 838 471 897 Aa
493 840 701 911 scribebantur,
713 862 812 922 postea
833 862 881 922 per
903 850 931 904 O
950 845 1056 923 scripta
1078 861 1145 902 sunt
1159 889 1166 911 ,
1182 861 1211 901 et
1230 840 1323 901 adhuc
1345 840 1529 907 scribuntur,
1543 852 1574 899 ut

420 919 494 977 Olla
514 940 567 1002 pro
589 920 694 989 Auta,
715 923 810 982 Codex
829 945 882 1005 pro
904 924 1033 983 Caudex.
1055 924 1133 985 Vide
1152 924 1258 985 Florus
1280 919 1471 1002 (Menttius)
1485 920 1519 978 in
1532 916 1573 977 F.

967 1086 1019 1147 ΡΑ

504 1216 635 1293 Aratus,
658 1220 787 1283 Rhetor.
807 1223 854 1283 De
874 1244 909 1283 eo
936 1225 1000 1283 Sen.
1012 1224 1045 1284 in
1071 1226 1221 1300 tProoeraio
1249 1225 1269 1284 l.
1286 1248 1333 1285 ro.
1348 1226 1502 1297 Canama„
1524 1226 1573 1289 ubi

419 1371 423 1377 Ι
518 1304 790 1373 narrat,Pacarum,
808 1326 875 1367 cum
897 1326 980 1365 mane
993 1308 1138 1369 Massiliae
1158 1310 1324 1367 occurrisset
1344 1310 1421 1367 Osco
1434 1305 1574 1374 libaturi,

417 1380 471 1460 qui
484 1379 562 1439 nihil
574 1386 638 1442 sine
646 1383 790 1445 schemate
802 1385 899 1445 dicere
911 1387 1025 1464 volebat
1038 1434 1045 1456 ,
1059 1409 1120 1448 non
1133 1389 1272 1447 inurbane
1284 1405 1349 1447 eum
1362 1387 1498 1447 salutasse
1507 1407 1573 1463 cum

415 1459 578 1523 schemate:
599 1484 657 1543 quo
678 1484 811 1544 peracto,
830 1466 963 1525 addidit.
977 1470 1108 1529 Poteram
1130 1470 1243 1527 dicere:
1257 1468 1323 1527 Ave
1345 1468 1444 1527 Osce:
1464 1466 1574 1547 hocque

416 1544 478 1614 ejus
497 1540 656 1614 schemata,
671 1566 719 1606 scu
739 1544 871 1629 figuratas
891 1547 1054 1608 locutiones
1074 1548 1229 1623 irridebat.
1251 1550 1336 1608 Alius
1357 1562 1400 1608 est
1420 1545 1471 1609 hic
1492 1550 1574 1607 aLa·

416 1621 476 1679 aino
497 1622 606 1683 Pacato
627 1625 780 1702 Drepana.
804 1627 882 1685 Vide
894 1628 1045 1703 Drepanus
1064 1632 1098 1689 in
1118 1628 1162 1687 D.
1278 1632 1279 1637 ’
1419 1698 1422 1705 ,

457 1704 483 1759 S.
497 1702 655 1770 Parianus,
667 1710 763 1787 Epist.
776 1709 888 1765 Barcin.
900 1753 907 1777 ,
917 1708 1034 1771 doctiss.
1048 1729 1126 1791 pater
1139 1710 1233 1769 Flavii
1255 1710 1339 1768 Lucii
1350 1708 1466 1775 Dextri,
1482 1706 1571 1771 Praei.

315 1836 321 1851 ,
343 1858 348 1867 ¹
395 1798 399 1804 ·
417 1801 459 1863 pr.
475 1784 597 1844 Exstant
618 1789 650 1845 in
663 1787 855 1846 Biddon-PF.
869 1790 1009 1849 nonnulla
1029 1790 1059 1848 S.
1072 1791 1190 1849 Pariani
1211 1792 1321 1869 Opera,
1335 1784 1404 1847 satis
1424 1789 1502 1847 culta
1524 1792 1573 1848 La-

414 1862 537 1921 rinirate
550 1908 556 1921 .
569 1868 777 1932 Desideranrur
798 1868 877 1949 plura
898 1858 969 1939 alia,
992 1889 1021 1929 et
1041 1873 1117 1929 inter
1137 1892 1177 1940 ea,
1199 1869 1279 1949 quod
1299 1872 1409 1929 Graeco
1431 1868 1572 1935 vocabulo

414 1944 542 2042 Κερβος
562 1948 732 2029 inscripsit,
753 1968 812 2029 quo
845 1948 855 2025 (
877 1967 909 2008 ut
930 1952 1036 2027 Critici
1065 1950 1170 2013 Eccles.
1195 1966 1299 2029 putant
1320 1950 1331 2027 )
1356 1944 1568 2019 Bacchanalia,

413 2044 478 2103 aire
495 2043 676 2112 Saturnalia,
697 2060 727 2101 et
746 2042 830 2101 ludos
851 2043 939 2112 alios,
951 2040 1130 2103 Ethnicismi
1149 2042 1306 2121 reliquias,
1320 2041 1397 2099 inter
1417 2060 1489 2099 oyes
1509 2062 1572 2100 suas

412 2140 442 2182 ct
462 2121 559 2183 fideles
579 2123 651 2187 alios
671 2122 954 2183 abolerestudebat.
976 2122 1063 2184 Obiit
1084 2125 1264 2183 sanctissime
1285 2123 1447 2179 Barcinone
1469 2122 1502 2179 in
1515 2124 1566 2181 Ca·

414 2202 576 2264 talonia'ad
587 2223 633 2263 an.
644 2202 755 2262 Christi
779 2225 844 2278 390.
858 2204 942 2263 Plura
954 2204 990 2262 de
1009 2201 1039 2261 S.
1054 2204 1179 2263 Pariana
1192 2201 1285 2261 videri
1307 2220 1428 2281 possunt
1449 2202 1485 2259 in
1496 2204 1571 2282 Ope·

415 2302 462 2341 re:
483 2285 606 2341 Nomina
626 2302 653 2341 at
675 2283 753 2340 Acta
773 2285 868 2356 Epist.
890 2284 1003 2341 Barcia.
1015 2285 1167 2363 inscripto,
1188 2282 1259 2342 alibi
1279 2284 1384 2339 citato.

441 2364 635 2439 -Paciplrilas,
657 2361 797 2421 Phihsub
810 2364 932 2423 Valente
953 2381 1067 2429 tortus,
1088 2365 1123 2423 de
1143 2383 1201 2445 quo
1223 2363 1399 2419 Ammianus
1419 2362 1528 2431 tiaza.

455 2442 636 2517 Paciphilus,
659 2444 713 2501 Vir
732 2444 901 2523 primarius,
925 2443 1048 2505 Palladii
1067 2445 1195 2511 amicus,
1215 2442 1251 2500 ad
1273 2462 1358 2521 quem
1380 2458 1423 2501 est
1446 2442 1568 2501 Palladii

411 2524 443 2581 O
463 2523 746 2586 salernitana,
767 2523 817 2581 ubi
836 2524 993 2605 appellatur
1013 2524 1058 2582 vir
1086 2524 1294 2583 doctissimus.
1317 2523 1453 2580 Forsitan
1476 2520 1566 2583 Praef.

367 2615 372 2623 ’
414 2544 505 2666 urbis,
524 2602 570 2661 vel
590 2604 732 2662 Praetorii
750 2601 825 2673 fuit,
848 2624 914 2665 nam
936 2606 973 2665 ad
993 2625 1059 2663 eum
1080 2622 1123 2663 est
1144 2605 1251 2663 directa
1271 2603 1327 2660 lex.
1339 2616 1367 2658 ε.
1380 2601 1447 2659 Cod.
1464 2601 1568 2661 Theod.

383 2741 388 2749 ,
414 2682 452 2741 de
471 2684 683 2754 iurisdictione,
705 2686 785 2745 Coss.
807 2684 952 2763 Olybrio,
968 2702 997 2745 et
1017 2684 1146 2745 Probino
1158 2730 1166 2754 ,
1180 2680 1568 2763 imperante‘llonoriman.

413 2760 525 2824 Christi
550 2779 615 2841 39'5.

452 2844 631 2903 Paconianus
652 2844 670 2921 (
685 2846 797 2905 Sextius
814 2845 830 2923 )
845 2849 952 2909 ‚Poeta
971 2846 1005 2905 in
1025 2866 1133 2906 carcere
1153 2844 1345 2927 strangulatus
1366 2841 1407 2901 ob
1426 2843 1566 2915 carmina,

408 2924 474 2987 illic
494 2926 528 2983 in
546 2926 699 2985 'Faberium
720 2928 887 3005 Principem
909 2926 1072 3003 lucubrata.
1094 2930 1139 2985 Ita
1158 2926 1328 2985 Tacitae.
1346 2922 1423 2987 Aan.

452 3006 599 3063 Pacuvius
620 3006 716 3081 (M),
737 3010 851 3081 Poeta,
872 3023 900 3063 et
922 3009 1021 3065 Pictor
1047 3006 1270 3069 Brundusium,
1289 3006 1383 3065 Ennii
1402 3024 1439 3062 ex
1468 3006 1569 3063 Sorore

412 3103 519 3164 nepos.
533 3085 576 3144 Pl.
590 3104 658 3143 ante
678 3086 789 3147 Christi
809 3106 901 3145 aeram
922 3106 969 3157 an,
985 3107 1049 3159 142.
1064 3087 1222 3145 secundum
1237 3085 1438 3145 Ricciolium:
1461 3104 1509 3145 an.
1532 3087 1567 3143 U.

410 3166 445 3227 C.
461 3173 528 3235 614.
540 3184 575 3221 er
595 3168 622 3223 S.
635 3167 715 3224 Hier.
724 3168 880 3245 Supersunt
895 3167 1044 3226 nonnulla
1057 3167 1177 3225 Pacuvii
1189 3167 1335 3234 Carmina,
1357 3184 1461 3244 parum
1476 3164 1571 3223 excul-

336 3246 338 3256 ’
405 3262 438 3305 ta
458 3245 619 3307 Latinitate
638 3244 801 3304 lucubrata.
823 3247 972 3306 Nonnulla
1005 3248 1155 3310 citantur,
1175 3264 1204 3303 et
1226 3246 1345 3325 sparsim
1366 3241 1531 3303 afferuntur
1553 3264 1568 3303 a

409 3324 476 3383 Gel.
499 3326 535 3387 in
553 3324 624 3381 NN.
645 3325 746 3384 Cicero
766 3327 801 3383 in
821 3326 918 3383 Laelio
940 3328 1012 3385 citat
1037 3343 1145 3385 novam
1165 3325 1287 3387 Paradii
1308 3322 1434 3399 fabulam
1457 3326 1494 3382 de
1517 3327 1570 3403 Py-

407 3404 494 3468 lade,
514 3422 543 3465 et
556 3406 676 3475 Oreste,
698 3424 726 3463 et
746 3406 780 3463 in
800 3406 847 3462 lib.
859 3407 903 3462 de
924 3408 1004 3464 Orat.
1019 3404 1140 3465 affirmat
1148 3435 1163 3469 s
1183 3405 1342 3465 Pacuuium
1362 3405 1438 3464 male
1460 3406 1568 3463 Latine

407 3484 556 3545 locutum.
578 3487 688 3545 Auctor
707 3503 802 3544 autem
812 3486 896 3544 Dial.
909 3488 942 3545 de
962 3488 1054 3545 Orart.
1067 3489 1108 3545 ait
1121 3532 1128 3554 ,
1141 3484 1261 3545 Pacuvii
1272 3486 1380 3563 stylum
1394 3505 1456 3543 esse
1476 3503 1568 3543 veter·

404 3584 450 3624 -no
469 3566 675 3645 inquinatum.
698 3566 813 3624 Persius
823 3564 885 3623 Sat.
897 3588 921 3625 ι.
938 3585 1021 3625 notat
1034 3572 1094 3645 ey'us
1114 3565 1222 3644 stylum
1243 3565 1391 3625 tumidum
1405 3557 1448 3621 'in
1465 3564 1568 3621 Antio.

362 3667 364 3670 ·
403 3664 444 3717 pa
464 3649 525 3721 ejus
544 3646 725 3727 Tragoedia,
746 3666 833 3725 quarn
860 3646 1040 3705 Verrucosam
1061 3664 1164 3705 vocat.
1186 3645 1316 3723 Quintil.
1341 3664 1406 3704 eum
1435 3646 1469 3702 in
1493 3663 1564 3701 non·

406 3724 498 3783 nullis
518 3724 637 3794 laudat,
658 3724 728 3785 licet
747 3726 854 3805 stylum
876 3731 937 3803 ejus
959 3720 1127 3806 neutiquam
1150 3724 1267 3807 probet.
1291 3724 1438 3785 Martialis
1458 3724 1496 3783 de
1508 3724 1563 3781 Pa·

354 3849 357 3854 ⁴
405 3804 482 3863 cuoii
501 3805 663 3865 Latinitate
681 3805 825 3884 judicium
847 3806 923 3865 vide
936 3807 1023 3866 serbo
1046 3806 1152 3867 Accius
1172 3808 1205 3864 in
1220 3806 1259 3865 A.
1268 3805 1382 3863 Gellius
1398 3805 1516 3862 videtur
1535 3805 1561 3861 ei

223 3923 234 3937 κ
318 3934 329 3974 J
402 3878 539 3944 favere-l.
556 3903 580 3940 r.
593 3905 616 3943 c.
629 3904 696 3955 24„
718 3884 769 3945 ubi
790 3882 909 3945 afferens
930 3884 1136 3969 Epitaphium,
1154 3886 1234 3965 quod
1244 3886 1391 3949 Pacuvius
1410 3882 1561 3964 sepulchro

402 3981 456 4023 suo
475 3963 597 4026 inscribi
615 3966 721 4043 jussit,
742 3966 829 4028 illua·
838 3968 1137 4047 verecundissimum,
1159 3984 1188 4026 et
1208 3966 1398 4048 purissimum
1415 3964 1557 4047 appellata
