3317 4817
770 431 773 438 .
883 433 887 440 .
1139 395 1154 440 ῐ
1179 397 1194 440 t

99 459 238 514 honrem.
258 453 307 516 lta¹
323 443 446 515 Saldis.
468 442 590 596 igione.
611 463 649 516 an
668 439 802 516 i's'fnerii
821 449 1048 532 Epapbtadirar,
1066 401 1181 521 Neronl
1200 457 1240 522 fi.

97 535 243 599 miliaria,
262 540 342 613 cujus
361 551 457 595 servus
509 538 535 596 it
553 537 704 620 Epictetus
724 535 802 596 Phil
846 575 855 586 ·
1042 560 1049 572 ²

138 615 292 692 Epaphus,
311 616 357 676 vir
376 617 486 677 multae
504 617 660 676 lectionis:
679 619 787 678 citatur
804 637 822 677 a
840 615 993 678 Macrobio
1011 618 1046 678 in
1063 617 1179 681 Sarum.

95 735 100 744 ·
404 711 408 716 '
468 707 476 722 ⁴
511 698 515 706 '
540 698 725 756 Corollarium
756 697 800 758 11.
873 700 877 706 ’
1154 721 1159 728 ’

137 775 332 852 Ephemarides
350 778 582 844 Ecclesiasticae,
598 779 663 838 sire
673 783 748 839 Acca
759 777 994 838 Christianorum
1014 777 1134 841 diurna.
1146 783 1183 840 In
1196 777 1244 842 his

97 858 259 938 Martyrum
279 855 601 940 nomina,passio‘nes,
618 876 650 918 et
668 857 741 920 iacta
761 859 961 940 memorabilia
980 860 1138 940 priscorum
1160 860 1245 922 Chri·

96 939 259 998 stianornm
278 939 474 1000 scribebantur
492 941 681 1004 aNotariis,
698 941 751 1020 qui
769 940 899 1007 Diaconi
918 937 978 998 fere
995 960 1093 1012 erant,
1113 962 1130 1002 a
1150 944 1246 1005 Rom.¹

98 1015 220 1078 Pontiffi
239 1021 278 1079 ad
292 1021 331 1078 'id
348 1018 454 1080 delecti
474 1021 580 1100 primis
598 1020 672 1078 Eccl.
690 1021 819 1080 Seculit.¹
829 1017 936 1078 Abhia
955 1021 1131 1082 notabantur
1149 1019 1247 1082 eciam'

95 1099 130 1155 in
151 1097 377 1173 Epimenidibus
397 1101 561 1178 Praesulum
581 1101 771 1160 Ecclesiarum
792 1101 965 1160 electiones:
985 1097 1243 1182 rempldrum'con·

97 1181 288 1241 sedationes:
308 1180 559 1262 baptizandorum·
580 1179 808 1261 baptizatorum,
827 1196 862 1239 et
877 1181 965 1240 saeris
982 1180 1169 1262 initiatorum
1192 1201 1243 1242 nu·

97 1275 193 1318 metus
211 1283 220 1318 ε
240 1258 370 1320 fidelium
388 1262 599 1328 eleemosinae,
617 1279 650 1320 et
669 1261 807 1324 donaria:
825 1261 1050 1321 Poenitentium
1077 1263 1243 1323 reconcilia·

97 1340 210 1398 tiones:
230 1359 438 1426 segregatorum
458 1340 495 1400 ab
514 1341 640 1401 Ecclesia
660 1344 805 1412 nomina,
824 1341 1008 1420 synodorum
1027 1340 1242 1414 celebrationes.

97 1429 126 1478 tt
147 1419 203 1479 alia
222 1444 231 1479 r
247 1441 286 1480 err
305 1421 411 1502 quibus
439 1441 547 1502 postea·
557 1419 687 1479 Annales
704 1422 921 1490 Ecclesiastici,
934 1424 975 1492 'et
994 1422 1153 1494 Historiae,
1174 1445 1243 1506 pace

96 1499 242 1560 Ecclesiae
257 1503 381 1571 reddita,
392 1500 541 1562 confectae
554 1497 698 1564 ’ἱιιοιιιιπΙ
718 1503 830 1562 Verum
848 1499 958 1561 multae
975 1522 1012 1560 ex
1033 1499 1243 1585 hisscripturia
1313 1525 1316 1528 ·
1373 1557 1381 1566 .

96 1580 300 1660 perierunt-ab
319 1581 461 1643 Ethnicis
473 1583 539 1664 igni
566 1581 711 1642 traditae:
729 1603 786 1664 qua
807 1583 845 1642 de
861 1601 894 1640 re
911 1583 1042 1663 queritur
1066 1586 1249 1645 Prudentius

95 1661 317 1736 peristephanon
337 1664 384 1722 tib.
406 1675 434 1726 t.
453 1659 532 1722 virle
551 1661 586 1720 in
605 1661 642 1719 H
658 1662 745 1722 uerbo
763 1662 920 1722 Historici.
939 1659 946 1673 '

140 1741 283 1814 Epicadus
302 1744 314 1819 (
325 1745 450 1820 Corn),
464 1739 561 1823 syllae
582 1742 717 1808 libertus,
740 1761 769 1802 et
789 1741 900 1802 nobilis
919 1741 1052 1803 Gramm.
1071 1745 1189 1826 scripsit
1208 1744 1250 1814 de,

32 1835 34 1838 ·
96 1819 226 1890 Matris,
243 1843 274 1880 ac
296 1822 433 1904 perfecit,
446 1824 649 1905 supplevitque
668 1823 758 1884 libros
772 1867 780 1891 ,
792 1843 865 1904 quoa
883 1824 917 1882 L.
928 1823 1016 1882 corn.
1027 1824 1110 1902 'Sylla
1130 1827 1247 1908 scripse-

97 1917 163 1968 rat,
186 1919 215 1960 et
234 1900 351 1964 affectos
370 1903 580 1986 reliqueratde
599 1903 681 1962 rebus
699 1905 778 1964 suis.
799 1905 846 1962 Ita
863 1903 941 1965 Suet.
960 1902 999 1960 de
1018 1903 1068 1961 Ill.
1082 1905 1205 1964 Graiam.
1327 1980 1331 1986 Δ

141 1981 310 2056 Epictetus,
332 1988 437 2046 Orator
448 1967 728 2060 ,essesursidicum
749 1980 922 2064 Symmacho
941 1980 1033 2041 Praef.
1052 1983 1162 2055 Urbis,
1183 1986 1249 2045 viro
1346 2015 1349 2018 ·

97 2061 218 2120 doctiss.
228 2083 324 2124 carus.
345 2065 393 2126 Ob
406 2067 427 2125 li
447 2084 449 2088 ·
490 2085 536 2125 am
549 2062 672 2124 forsitan
690 2063 889 2127 inconsultam
904 2064 1003 2138 ‚iussu
1014 2065 1153 2135 Cercetii,
1167 2067 1251 2126 Piae·

96 2143 173 2212 toris
195 2142 319 2216 urbani,
341 2148 431 2206 caruit
483 2141 533 2204 lo'.
555 2145 604 2206 Ad
624 2147 786 2205 Caesetium
806 2161 852 2204 cst
869 2141 963 2218 Epist.
980 2143 1147 2221 Symmachi
1167 2145 1250 2214 aad.

99 2243 150 2292 9.‚
176 2225 289 2282 veniam
311 2245 363 2306 pro
383 2227 512 2301 Epicteto
537 2217 641 2294 draus,
662 2241 694 2284 cc
707 2242 854 2305 poscens,
875 2240 909 2295 ur
931 2225 1064 2283 Oratoris
1092 2245 1201 2284 munus
1218 2226 1249 2284 ei

96 2301 237 2361 reddatur
250 2293 360 2386 fuique
378 2308 407 2366 ei
428 2307 514 2366 liceat
532 2326 643 2365 caussas
662 2327 757 2400 agere:
776 2304 857 2386 quod
877 2305 991 2372 nescio,
1004 2322 1043 2362 an
1064 2301 1251 2386 impetrarit}

70 2437 79 2454 ,
142 2383 309 2458 Epictetus,
330 2385 739 2467 Hieropolita„Phil.St01cus
759 2387 871 2444 Romae
891 2385 991 2467 magni
1011 2387 1157 2463 nominis.
1174 2388 1251 2445 Cum
1316 2444 1318 2449 ,

97 2463 273 2542 Domitiani
292 2466 391 2525 edicto
412 2465 586 2546 Philosophi
606 2469 718 2534 Roma.
732 2483 761 2524 et
780 2485 815 2524 ex
834 2465 995 2524 cotaltalia
1010 2467 1097 2543 ejecti
1117 2463 1252 2538 metunt.
1299 2530 1302 2539 s

96 2543 127 2602 ci
142 2545 253 2603 Romae
274 2565 388 2606 manere
406 2567 575 2607 concessum
596 2543 674 2606 fuit.
687 2551 724 2620 in
743 2563 825 2604 tanta
845 2561 905 2604 erat
923 2543 1076 2604 doctrinae
1094 2547 1248 2626 opinione,

99 2639 136 2682 ut
156 2627 218 2702 aius
238 2624 351 2686 lucerna
371 2625 471 2688 fictilis
490 2626 583 2686 tribus
603 2625 801 2686 drachmarum
823 2622 955 2696 millibus
973 2623 1072 2704 empta
1091 2622 1193 2684 fuerit.
1205 2627 1252 2686 lta

99 2703 250 2764 Lucienus
267 2708 368 2786 Syrus.
389 2709 460 2786 Ejus
481 2707 600 2766 moralia
614 2710 780 2786 Praecepta,
801 2703 973 2765 Christiano
992 2703 1070 2762 Phil.
1091 2725 1153 2762 non
1173 2706 1252 2764 indi·

94 2799 158 2868 ‘gna
179 2774 332 2866 leguntur.
349 2787 488 2869 ‘Reliquit
506 2789 583 2847 duos
601 2807 698 2846 versus
719 2788 859 2849 Graecos,
877 2785 931 2865 qui
949 2787 1011 2862 ejus
1037 2783 1186 2864 sepulchro
1205 2787 1253 2842 in.

95 2863 190 2924 scribi
212 2881 366 2958 poterant,
385 2870 421 2944 in
442 2867 562 2949 quibus
576 2867 641 2936 ait,
662 2886 691 2926 se
717 2887 831 2926 seruum
854 2861 971 2946 fuisse,
992 2879 1095 2922 trunco
1114 2883 1250 2949 corpore¹

121 2963 240 3025 superae
261 2957 408 3028 pressant,
421 2965 453 3007 et
472 2967 569 3007 carum
590 2949 721 3028 superis.
742 2947 820 3004 Vide
838 2945 973 3004 Gellium
992 2943 1042 3003 lib.
1055 2961 1084 3001 2.
1105 2963 1128 3001 c.
1139 2943 1184 3010 182'
1196 2988 1205 3015 ,
1219 2952 1251 3004 et'

95 2963 149 3082 lib.
175 3045 222 3086 as.
244 3045 268 3084 c.
294 3049 355 3096 rr.,
376 3027 426 3086 arbi
448 3029 484 3088 de
504 3029 633 3103 Epicteto
655 3028 746 3110 ,agit4
765 3026 846 3084 Vide
863 3023 1005 3082 Arrianus
1031 3025 1066 3082 in
1084 3024 1182 3085 littera
1201 3023 1249 3084 A.

94 3107 207 3164 Dicere
227 3105 352 3173 solebat,
371 3109 496 3168 Animas
515 3109 719 3188 imperitorum
740 3103 843 3165 habete
861 3123 965 3186 corpus
985 3124 1037 3185 pro
1056 3125 1181 3170 carcere;
1202 3125 1250 3186 pe·

97 3187 228 3244 sitorum
249 3204 347 3246 autern
370 3207 421 3270 pro
440 3189 551 3247 domo.
579 3186 804 3248 stultissimus
823 3183 947 3254 fuisset,
965 3202 1001 3244 ut
1018 3185 1160 3253 arbitror,
1180 3205 1250 3244 con·
1306 3216 1308 3219 ·

94 3265 219 3324 traciam
240 3271 401 3327 sententiam
421 3269 607 3348 protulisset.
640 3271 761 3328 Sanctus
778 3268 861 3325 enim
882 3265 1017 3334 Paullus,
1038 3266 1084 3323 tit
1102 3262 1253 3345 sapientis·

93 3347 210 3414 simus,
224 3365 253 3404 et
273 3350 475 3428 peritissimus,
494 3367 598 3430 corpus
616 3360 816 3430 pro'carcere,
830 3364 860 3407 et
869 3365 923 3428 pro
934 3332 1084 3428 sepulchlo
1097 3348 1196 3416 etiam,
1211 3347 1253 3407 vi·
1319 3356 1322 3363 “

77 3425 188 3484 'detur
214 3419 379 3489 hebraicam*
409 3421 424 3452 '¹
458 3463 461 3470 ·
493 3435 516 3448 ''
675 3439 680 3466 ³
820 3441 842 3466 '·
1065 3419 1072 3450 ³

145 3506 277 3580 Epicurei
297 3506 492 3590 Philosophi,
511 3510 538 3568 S.
551 3511 589 3584 C„
603 3505 820 3585 Rom'aejecti:
841 3527 897 3589 qua
918 3506 952 3566 in
969 3507 1016 3565 Re
1033 3505 1164 3565 Romani
1184 3521 1254 3564 sunt

95 3585 220 3644 imitati
240 3589 402 3649 Messenios
430 3591 465 3648 in
486 3584 628 3662 Arcadia,
650 3591 702 3671 qui
722 3592 878 3670 Epicureos
897 3632 905 3657 ,
926 3587 1019 3648 veluti
1043 3605 1140 3668 pestes
1163 3585 1257 3647 adole·

95 3680 250 3732 scrutum.
270 3679 386 3749 prop'rep
404 3664 564 3730 mollitiem
578 3716 586 3740 ,
598 3689 628 3730 ec
646 3669 841 3751 impietatem
855 3682 924 3727 ante
938 3667 1017 3726 'Solis
1035 3686 1166 3726 occasum
1186 3685 1256 3751 agro

95 3747 255 3806 Messenio
274 3748 353 3808 abire
373 3755 533 3828 jusserunt,
545 3771 580 3810 ac
598 3759 694 3810 totam
714 3749 823 3809 Urbem
841 3768 909 3808 cum
928 3747 1048 3830 templis
1068 3767 1083 3807 a
1103 3746 1256 3830 Magistra·

95 3825 202 3896 tibur,
213 3831 241 3886 er
252 3829 450 3890 Sacerdotibus
470 3831 584 3914 purgari
602 3831 808 3892 decreverunt.
831 3831 877 3893 Ita
894 3824 996 3891 suidas
1017 3826 1105 3893 verbo
1116 3826 1257 3902 Epicurus
1314 3900 1317 3908 ¹

99 3907 190 3987 Vide
208 3908 298 3968 etiam
319 3910 398 3970 dicta
418 3911 452 3968 in
472 3911 528 3970 hoc
537 3910 659 3986 Syllaba
679 3911 766 3970 verbo
777 3909 899 3969 Deistae
917 3909 1013 3967 inD.
1030 3909 1105 3967 Sunt
1116 3909 1185 3987 ,qui
1206 3922 1259 3988 pu⁴

96 3989 364 4066 teumEpicuraeoa
383 3988 475 4054 finem
493 3991 634 4052 ultimum
654 3992 784 4072 potuisse
796 3987 1123 4071 non-incorporis‚sed
1135 3989 1170 4048 ia
1182 3988 1256 4048 Ani.

1044 4085 1097 4128 ra
1250 4092 1252 4098 ¹
