3317 4817
361 373 365 379 .
434 352 471 405 52,
943 326 1004 391 At!

377 412 501 475 ‚redares
520 404 648 480 famem,
664 406 767 471 ludum
785 408 963 473 litterarium
984 410 1133 492 aperiens.
1152 409 1227 477 Sunt
1246 414 1342 480 totae
1361 417 1467 495 Epist:
1484 424 1552 481 ear:

391 494 473 555 mine
492 494 614 573 scriptae
634 490 755 553 Ausonii
775 492 811 553 ad
830 494 857 553 S.
869 492 1096 562 Paullinum‚2et
1116 489 1203 567 hujus
1222 496 1259 556 ad
1272 497 1441 570 Ausonium,
1452 522 1545 583 quem

390 591 463 654 puto
483 572 622 653 discipuli
643 593 727 633 suasu
747 574 874 636 militiae
896 572 1016 637 tandem
1038 570 1151 636 Christi
1180 595 1290 637 nomen
1318 579 1433 641 dedisse
1454 626 1462 650 ,
1484 602 1547 663 quo

389 652 580 737 proculdubio
603 655 732 747 gratior,
754 672 783 715 ot
802 656 958 735 acceptior
973 657 1091 735 optimo
1111 652 1221 717 Christ.
1277 658 1369 739 ‘ncipi
1390 664 1540 723 Gratiano

389 736 503 795 erasit.
526 736 564 794 In
585 736 663 796 viris
682 750 742 798 erat
770 732 930 797 adhucan.
955 756 1046 812 aaa,
1067 756 1127 817 qno
1149 756 1196 800 an.
1217 678 1307 814 ὧι.
1328 741 1364 801 ad
1384 744 1411 801 S
1433 742 1545 802 Paulli-

388 833 459 879 num
482 816 612 898 scripsit.
634 817 793 878 Institutas
804 817 930 885 Graece,
943 833 973 879 tt
992 818 1097 878 Latine
1117 814 1174 878 fuit
1193 818 1230 881 ab
1248 825 1312 900 ejus
1323 838 1425 902 patruo
1437 823 1550 883 nemi»
1580 888 1583 890 Α

387 895 432 955 lio
452 898 497 961 M,
518 898 667 966 Arboreo,
693 914 723 957 er
743 917 759 957 a
777 896 899 959 Tiberio
918 900 1073 961 Minervo.
1096 900 1133 959 In
1153 900 1274 959 Ausonii
1294 903 1485 963 Carminibus
1504 904 1548 963 lo-

387 993 495 1061 guntur
516 977 595 1061 plura
617 978 739 1039 nomina
761 974 957 1039 Professorum
978 979 1137 1061 Burdegal:
1168 983 1436 1043 Grammaticorum
1463 1003 1548 1043 nem·

388 1054 632 1141 pe,Rhttorurn,
647 1076 676 1117 et
689 1060 844 1121 Poetarum
855 1061 922 1140 ,qui
942 1061 977 1119 in
997 1061 1057 1120 illia
1069 1060 1181 1121 Scholia
1201 1060 1379 1133 floruerunt,
1392 1081 1427 1124 ut
1445 1065 1545 1126 etiam

391 1138 496 1207 nnius,
514 1138 547 1203 'ae
566 1139 684 1202 alterius
704 1160 739 1201 ex
760 1138 872 1201 Scholia
889 1140 1062 1208 Tolosanis,
1075 1158 1105 1201 et
1125 1141 1379 1206 Narbonensibus.
1439 1184 1450 1195 -.

793 1220 979 1281 Corollarirtm
1014 1220 1135 1287 XXIV.
1273 1274 1275 1279 .

405 1342 409 1351 ·
430 1299 541 1363 Littera
561 1300 592 1360 A
613 1300 646 1360 in
667 1300 805 1363 omnihus
825 1299 1018 1383 Alphabetis,
1035 1302 1135 1361 saltem
1160 1302 1323 1386 linguarum
1345 1305 1439 1386 magis
1460 1322 1547 1367 nuta·

389 1400 466 1445 rum.
487 1384 579 1463 pritna
600 1399 659 1449 est,
681 1384 749 1462 ,quia
764 1388 876 1445 'sonum
896 1379 1116 1460 hujuslitterae
1134 1384 1266 1462 primurn
1289 1387 1323 1450 in
1344 1384 1473 1446 infantia
1493 1408 1546 1449 ote

389 1464 597 1543 exprimimus.
627 1465 710 1525 Hanc
731 1462 868 1529 litteram·
886 1463 951 1525 cine
970 1460 1180 1523 immutatione
1206 1462 1349 1548 infigura
1368 1486 1432 1527 acce
1454 1485 1545 1527 erunt

388 1543 519 1605 Romani
539 1566 555 1603 a
575 1544 709 1605 Graecis:
724 1540 756 1605 hi
776 1542 811 1605 ab
831 1543 969 1608 Hebraeis
989 1564 1056 1605 cum
1076 1543 1172 1625 aliqua
1192 1546 1418 1606 immutatione.
1467 1569 1495 1606 er
1510 1547 1545 1605 Α

388 1622 532 1691 notabant
552 1625 681 1685 Romani
702 1624 818 1703 antiqui
838 1626 873 1684 in
894 1625 1068 1705 scripturis,
1089 1627 1257 1704 praesertin
1285 1628 1319 1685 in
1340 1626 1448 1690 tabulis
1469 1648 1546 1688 mar·

390 1707 516 1773 morsis,
543 1722 571 1766 et
593 1704 840 1773 numismatibus,
863 1706 998 1782 Abrogo,
1018 1704 1167 1773 Absolve,
1188 1705 1360 1782 Augustus,
1377 1708 1543 1789 Augusta,

366 1782 632 1855 'Aulumdurunr
645 1784 789 1856 ,nanus,
809 1802 839 1848 et
860 1787 935 1850 alia.
957 1785 1037 1845 Vide
1057 1784 1162 1848 Coroll.
1184 1785 1221 1847 de
1242 1788 1340 1851 littera
1360 1787 1402 1848 C.
1440 1805 1444 1813 ·

935 1948 990 2009 BA

468 2112 808 2195 Alitus‚Ast10logus,a
821 2116 939 2176 Nerone
958 2110 1107 2175 consultus
1126 2112 1164 2175 de
1177 2113 1264 2174 Stella
1282 2112 1542 2181 crinita,siveCo-

488 2212 580 2274 meta,
594 2196 645 2275 qui
665 2195 788 2275 singulis
808 2196 945 2255 noctibus
964 2193 1131 2276 apparebat,
1145 2196 1178 2255 in
1188 2215 1284 2256 caussa
1294 2192 1352 2257 fuit
1363 2196 1450 2259 exitii
1462 2194 1542 2255 mul-

386 2290 483 2335 torum
505 2275 663 2335 illustrium
686 2276 812 2339 Roman.
832 2280 878 2335 Ita
897 2279 972 2336 Suet.
993 2278 1026 2337 in
1047 2277 1193 2334 Nerone.·

428 2353 626 2419 Bacchiarius,
637 2354 799 2415 Monachus
819 2360 983 2438 Hispanus,
1005 2360 1031 2416 S.
1044 2358 1205 2440 Augustini
1224 2377 1297 2417 aero
1317 2356 1433 2438 scripsit
1444 2356 1482 2431 ad
1493 2357 1542 2419 Ja-

388 2436 522 2495 nuarium
543 2438 577 2495 de
598 2437 756 2510 recipiendis
782 2439 888 2512 lapsis.
920 2438 1041 2517 Scripsit
1071 2441 1161 2500 ctiam
1180 2457 1282 2497 contra
1303 2438 1541 2497 Priscillianista·

386 2536 451 2577 rum
473 2536 592 2577 errores.
615 2520 693 2578 Haec
705 2519 799 2599 Opera
819 2519 962 2579 illustrata
980 2516 1098 2579 metunt
1118 2540 1134 2579 a
1154 2521 1306 2581 Canonico
1320 2518 1438 2580 Florio.
1457 2518 1542 2582 Alia,

387 2599 469 2678 siqua
489 2598 593 2663 edidit.
614 2598 707 2659 desid.
1108 2672 1112 2678 Ι

427 2678 572 2737 Balbinus
585 2724 592 2746 ,
607 2700 654 2739 seu
675 2680 824 2749 Batinus,
840 2701 889 2741 stu
909 2680 1040 2739 Babilias
1060 2680 1112 2754 (C
1120 2696 1136 2758 )
1149 2730 1155 2742 .
1167 2683 1213 2741 De
1233 2700 1268 2740 eo
1288 2679 1366 2741 Plin.
1387 2680 1421 2737 in
1432 2678 1541 2755 Praes-

387 2762 424 2818 ιλ
443 2760 491 2819 lib.
516 2780 561 2832 ro.
582 2759 622 2819 H.
642 2760 704 2830 N.,
726 2780 755 2822 et
776 2766 807 2822 L.
828 2766 893 2822 Sen.
914 2764 937 2823 l.
955 2785 984 2831 4.
1005 2761 1074 2817 Nar.
1096 2761 1161 2837 QG,
1194 2763 1315 2841 Scripsit
1342 2760 1540 2819 Itinerarinm

388 2860 489 2910 auum,
502 2858 532 2900 et
550 2861 594 2900 res
614 2842 757 2925 Aegypti,
779 2844 826 2903 cui
849 2840 971 2924 praehrit
990 2840 1043 2900 sub
1063 2844 1199 2901 Nerone.
1221 2847 1251 2902 A
1269 2844 1372 2901 Seneca
1393 2840 1540 2910 laudatur,

385 2921 493 2981 ut'rir
520 2923 673 3002 optimus,
695 2942 724 2983 tr
756 2925 789 2982 in
818 2925 903 2983 omni
935 2924 1096 2982 litteratum
1124 2943 1228 3007 genere
1253 2922 1436 2982 rarissimus.
1463 2922 1542 2997 Ejus

386 3002 497 3083 Scripta
517 3002 609 3063 desid.
1032 3034 1035 3039 *
1376 3055 1380 3062 .

410 3140 413 3145 .
426 3082 564 3139 Balbinus
579 3085 589 3158 (
602 3082 742 3145 Decimus
754 3084 854 3145 Celsus
865 3085 896 3163 ),
906 3088 1026 3149 Orator,
1038 3100 1068 3142 et
1088 3086 1186 3149 Poeta,
1199 3101 1297 3163 postea
1317 3084 1404 3142 Rom.
1425 3084 1539 3161 impet.

385 3182 401 3223 a
421 3166 526 3223 Senatu
547 3162 654 3225 electus
667 3208 674 3233 ,
687 3182 716 3223 et
737 3167 841 3226 iccirco
861 3166 1011 3234 Militibus
1033 3185 1130 3243 parurn
1152 3182 1330 3245 acceptus,a
1349 3162 1456 3244 quihus
1468 3181 1540 3221 can-

385 3245 452 3303 dent
474 3244 596 3305 militari
617 3245 747 3305 coitione
767 3250 880 3307 occisus
906 3245 988 3306 fnit.
1009 3247 1080 3318 Ejus
1101 3246 1166 3301 00.
1187 3245 1279 3304 desid.
1307 3246 1468 3323 Imperavit
1489 3244 1539 3303 in-

383 3341 495 3407 tegrum
518 3344 564 3385 an.
585 3346 649 3385 turn
672 3328 751 3387 Mart.
774 3331 907 3409 Pupieno
928 3346 957 3387 et
977 3327 1133 3385 Gordiano
1153 3344 1260 3406 puero.
1283 3324 1457 3402 Hunc(cni
1477 3325 1541 3383 mi-

382 3404 450 3467 lites
470 3403 605 3469 favebant
625 3406 663 3467 ob
683 3412 856 3469 memoriam
877 3411 990 3489 patris,
1013 3406 1058 3465 vel
1079 3410 1127 3465 avi
1148 3409 1180 3464 in
1203 3402 1300 3465 Africa
1328 3404 1442 3478 occisi)
1461 3425 1538 3463 cunr

381 3488 499 3547 amoliri
526 3486 561 3547 ab
580 3488 706 3567 imperio
726 3488 864 3570 Balbinus
884 3536 893 3560 ,
913 3508 942 3549 et
970 3489 1119 3567 Pupienus
1145 3505 1325 3568 satagerent,
1346 3506 1362 3545 a
1383 3483 1538 3545 militibus

365 3565 498 3631 ¹fuerunt
519 3565 664 3629 interfecti
685 3588 731 3629 an.
743 3561 856 3630 Christi
877 3580 943 3645 238.
965 3572 1009 3627 lta
1031 3567 1132 3627 Perat.
1151 3570 1185 3627 in
1205 3568 1320 3626 Ratisrn
1335 3585 1416 3641 temp.
1431 3586 1464 3625 er
1477 3567 1538 3626 Ca·

382 3649 519 3731 pitoliuos
532 3650 718 3718 Herodiano,
732 3652 897 3731 Eutropio,
918 3670 947 3710 et
969 3650 1105 3709 Zosimo.

422 3729 532 3809 ¹Balbus
554 3729 570 3803 (
590 3730 628 3808 Q.
644 3727 734 3791 lucil.
759 3732 785 3805 ),
807 3728 1014 3813 Philosophus,
1032 3732 1144 3789 Stoicae
1164 3730 1315 3788 doctrinae
1338 3728 1417 3788 inter
1438 3730 1533 3787 Rom.

381 3811 538 3890 prinecps.
567 3814 661 3889 Hujus
689 3813 722 3869 in
742 3814 807 3871 Jnre
827 3814 922 3875 Civili
953 3811 1089 3871 alumnus
1115 3808 1171 3870 fuit
1190 3814 1267 3869 Serv.
1288 3808 1453 3890 Sulpicius,
1473 3812 1534 3890 qui

382 3890 475 3971 plures
496 3889 581 3965 Balbi
601 3910 669 3969 sent.
692 3895 807 3973 scriptia
827 3896 887 3954 suis
906 3896 1050 3953 inseruit·=
1072 3892 1216 3955 Laudatur
1236 3913 1252 3951 a
1272 3893 1335 3951 Cic.
1355 3892 1388 3951 in
1410 3890 1531 3961 Bruto,

320 3980 324 3985 “
381 3988 415 4033 ut
435 3970 600 4047 docantat
620 3991 653 4037 ut
669 3976 868 4046 mosidctatae
887 3976 1118 4059 tarditatiarir.
1138 3974 1193 4034 Ait
1213 3974 1305 4035 etiam
1325 3973 1388 4033 Cic.
1406 3972 1530 4044 deNat,
