3317 4817
388 340 398 351 “
473 326 492 388 ι’
954 316 1012 383 ltu

424 432 426 439 ·
448 340 548 481 husus
568 400 581 483 (
600 398 756 465 Musonius
776 398 811 479 ),
831 398 955 475 Orator,
979 404 1016 465 de
1035 421 1095 486 quo
1113 396 1235 465 Tacitus
1244 393 1534 475 tumescitis:
1552 432 1556 439 ·

446 481 545 562 Rufus
557 486 587 623 k
598 487 630 545 P.
642 485 736 545 Rutil.
750 484 761 561 )
776 482 1055 554 ,Vir‘consularis,
1076 501 1105 544 et
1124 485 1349 546 Iurisconsultus
1368 486 1496 569 insignis
1519 480 1580 559 do·¹

405 564 538 629 serinac,
588 585 702 625 omanus
722 564 854 625 Socrates
872 567 989 627 dictus.
1010 567 1134 627 cicili.
1157 588 1183 630 r.
1202 569 1238 626 de
1258 568 1339 627 Orat.
1361 586 1449 647 prope
1477 563 1576 625 finem

405 662 475 703 cum
496 663 580 705 vocat
601 645 706 706 Virum
727 648 870 717 doctum,
891 664 921 707 et
949 646 1157 731 Philosophiae
1183 648 1339 709 deditum.
1359 651 1435 709 item
1465 647 1580 705 Exem-

402 723 473 803 plar
490 725 678 793 innocentiae..
689 746 719 788 et
738 746 798 808 quo
818 748 906 789 nemo
926 730 1136 799 intinitatem
1173 750 1209 789 ue
1228 730 1388 813 integrior,
1402 748 1495 810 neque
1510 746 1581 789 sau·

405 806 480 862 ‘11⁰1
489 826 496 861 ²
508 826 539 865 ἃ(
559 807 581 865 l·
597 830 622 876 3·
635 810 669 865 de
683 806 737 888 Off.
751 828 774 866 c.
788 830 814 867 r.
835 814 898 885 ejus
916 810 1030 871 dictum
1051 750 1193 871 refert‘ie
1203 813 1299 891 Opere
1318 811 1445 891 quodam
1466 812 1581 868 Panae·

407 886 469 954 tii,
491 892 571 964 cujus
598 889 715 949 auditor
735 886 848 960 fuerat,
869 890 950 972 quod
970 886 1105 953 affectum
1133 893 1274 973 reliquit.
1295 893 1373 951 Haec
1392 908 1580 1029 expersona

407 965 559 1029 Antonii.
580 970 712 1031 Decessit
730 970 765 1030 in
785 972 911 1043 exsilio,
930 971 1040 1033 relictis
1057 992 1120 1033 non
1141 974 1239 1054 paucis
1259 973 1351 1031 Libris
1370 973 1404 1030 de
1451 991 1522 1039 rte,
1545 986 1579 1027 et

406 1046 612 1121 Orationibus,
634 1052 774 1111 Cicerone
802 1070 898 1121 teste,
920 1052 1072 1113 exilibus.
1093 1053 1193 1113 Altera
1212 1075 1248 1114 ex
1272 1052 1319 1112 his
1339 1070 1399 1113 etat
1418 1052 1454 1112 de
1475 1050 1575 1110 modo

406 1124 625 1206 aedificiorum,
646 1152 732 1215 quam
754 1136 830 1217 Aug.
842 1136 960 1195 Senatui
981 1136 1140 1204 recitarit,
1153 1130 1190 1195 ad
1210 1134 1445 1197 moderandum,
1464 1147 1498 1193 ut
1533 1152 1579 1191 ar·

402 1206 496 1267 bitror
510 1248 524 1279 ,·
542 1208 642 1271 luxum
672 1214 706 1273 in
726 1216 845 1275 aedium
872 1217 1117 1276 constructione.
1143 1215 1249 1277 Edidit
1275 1218 1392 1295 insuper
1415 1214 1518 1271 libros
1541 1214 1578 1270 de

404 1288 466 1347 vita
487 1307 558 1361 sua,
579 1292 684 1355 citatos
704 1316 720 1354 a
740 1295 876 1363 carisio,
895 1315 926 1356 et
946 1296 1151 1368 Hariolum,
1174 1299 1257 1378 Opus
1275 1299 1399 1356 citatum
1412 1294 1447 1355 ab
1459 1296 1578 1376 Appia·

407 1384 468 1427 no':
489 1389 560 1450 quae
583 1375 694 1434 omnia·
706 1375 798 1435 desid.
824 1378 872 1437 Ab
892 1376 948 1437 hoc
968 1379 1099 1439 diversus
1121 1374 1180 1439 fuit

444 1449 559 1529 Rufus,
580 1472 615 1512 ex
635 1455 739 1515 ordine
758 1459 924 1517 Senatorio.
945 1462 974 1519 ls
994 1461 1029 1519 in
1048 1478 1138 1521 coena
1158 1462 1236 1520 inter
1256 1458 1357 1541 pocula
1371 1504 1379 1527 ‚
1392 1456 1490 1517 nescio
1505 1476 1571 1537 quo

404 1549 484 1591 aestu
504 1532 661 1615 abreptus.
680 1536 717 1597 de
737 1536 872 1615 Augusto
892 1540 1032 1601 maledice
1059 1541 1192 1610 loeutus,
1213 1541 1373 1621 periculum
1402 1538 1572 1598 delationis

403 1628 580 1693 agnoscens,
605 1618 681 1687 servi
709 1620 835 1679 consilio
856 1641 1024 1703 persuasus,
1046 1624 1158 1702 seipse
1186 1621 1311 1690 detulit,
1333 1627 1501 1703 Augustum
1526 1638 1576 1677 ro·

424 1711 491 1762 ans,
512 1712 545 1755 ut
564 1694 623 1756 sibi
642 1696 724 1757 ebrio
744 1720 885 1780 parceret,
906 1722 992 1783 seque
1012 1703 1137 1784 pristina
1155 1705 1247 1785 gratia
1267 1722 1317 1761 sua
1337 1720 1400 1759 non
1420 1702 1572 1778 privaret.

403 1712 537 1854 ispercit
557 1774 638 1855 Rufo
658 1798 688 1839 se
709 1776 852 1841 deferenti
864 1786 1030 1866 Augustus,
1048 1786 1111 1865 qui,
1131 1804 1147 1843 a
1167 1780 1248 1860 Ruso
1268 1784 1302 1841 in
1322 1781 1463 1841 convivio
1483 1780 1575 1840 dicta

403 1872 466 1930 non
485 1856 655 1993 ipnorabat,
677 1875 706 1920 et
726 1881 793 1921 eum
814 1862 912 1923 denuo
932 1866 967 1923 in
986 1867 1110 1947 gratiam
1130 1866 1238 1945 recepit
1252 1909 1261 1934 ‚
1276 1863 1343 1923 licet
1363 1864 1392 1922 ei
1412 1878 1498 1920 antea
1512 1864 1576 1921 ira-

403 1950 469 1993 tus.
522 1935 610 2016 afris,
631 1940 704 2004 actis
723 1943 858 2026 Augusto
897 1946 999 2013 ratiis,
1018 1947 1047 2005 ei
1068 1942 1247 2028 significarit
1261 1991 1269 2014 ,
1282 1941 1499 2010 neminem,id
1511 1961 1578 2001 cte·

405 2014 536 2093 diturum
552 2062 569 2091 ,¹
583 2020 643 2079 nisi
664 2020 722 2081 sibi
744 2026 851 2107 pignus
869 1966 988 2105 aliquod
1007 2028 1136 2107 mariae,
1156 2025 1309 2085 streniae
1328 2045 1394 2084 suae
1413 2024 1519 2091 daret3
1542 2043 1578 2083 ac

406 2114 458 2175 pto
474 2098 595 2181 pignore
615 2097 693 2162 haud
714 2103 806 2164 levem
823 2110 961 2187 pecuniae
981 2105 1228 2167 summam‘abeo
1250 2106 1351 2186 petiit.
1365 2108 1440 2185 Aug.
1453 2105 1576 2163 exorari

408 2196 438 2235 st
459 2196 564 2257 passus,
585 2186 707 2262 pecunia
728 2184 778 2243 illa
799 2184 909 2265 Rufum
927 2187 1061 2258 donavit,
1073 2187 1197 2247 addens:
1209 2183 1281 2245 Mea
1296 2206 1396 2243 caussa
1415 2186 1487 2243 aare
1512 2205 1580 2261 ope·

407 2275 488 2327 tam,
511 2280 543 2318 rte
564 2274 682 2338 unquam
704 2266 753 2323 ribi
774 2268 900 2338 irascar,
922 2289 979 2349 quo
999 2269 1119 2328 monuit
1132 2266 1252 2347 Rufum,
1273 2284 1392 2335 curaret,
1413 2285 1451 2325 ne
1469 2266 1502 2324 ei
1527 2284 1580 2346 po·

404 2355 465 2398 stea
486 2340 542 2400 alia
570 2347 708 2422 pecuniae
737 2368 851 2407 summa
869 2370 936 2409 cum
959 2351 1045 2409 venia
1073 2352 1180 2409 iterum
1201 2370 1217 2409 a
1238 2348 1382 2407 sedanda
1409 2364 1507 2407 esset.
1533 2349 1573 2404 V.
1601 2346 1609 2360 ’

369 2446 371 2448 ·
408 2420 473 2481 Sen.
488 2421 524 2480 de
544 2422 644 2503 Benef.
658 2427 679 2484 l.
695 2449 721 2495 3·
737 2422 760 2485 c'.
775 2447 841 2497 27.,
863 2429 914 2489 ubi
934 2429 1160 2499 liberalitatem,
1181 2448 1210 2489 ct
1231 2428 1420 2489 clementiam.
1439 2428 1578 2510 Augusti

406 2495 463 2559 hoc
484 2498 560 2594 facto
572 2505 708 2572 laudans,
729 2527 833 2581 narrat,
846 2511 881 2570 ah
892 2513 1026 2597 Augusto
1040 2532 1090 2593 pro
1104 2512 1179 2572 servi
1192 2509 1325 2569 libertate
1337 2510 1492 2591 pecuniam
1510 2508 1580 2566 ltu-

403 2576 440 2657 so
460 2578 549 2644 fuisse
572 2605 770 2651 numeratam.
1076 2619 1078 2624 ·

444 2662 560 2743 Rufras,
582 2671 670 2730 Poeta
691 2674 829 2752 Lyricus,
850 2674 957 2735 Ovidii
976 2672 1120 2757 aequalis,
1141 2691 1319 2733 memoratus
1337 2671 1386 2730 lib.
1397 2692 1426 2741 4.
1437 2670 1472 2729 de
1494 2668 1578 2729 Pon·
1654 2765 1655 2774 ἵ

405 2760 435 2801 ιο
456 2743 510 2820 Ep.
527 2757 572 2807 ro.
586 2752 657 2823 Eius
679 2753 808 2813 Carmina
828 2755 922 2824 desid.

443 2824 543 2905 Rufus
564 2830 581 2905 (
597 2836 751 2894 Munatius
772 2834 805 2911 l,
826 2841 909 2910 culus
929 2836 1035 2918 scripta
1055 2838 1183 2898 citantur
1202 2856 1219 2895 a
1241 2836 1397 2897 ValMax.
1420 2831 1468 2893 lib.
1491 2854 1530 2906 4·.
1549 2852 1574 2889 ⁶·

407 2928 457 2975 3..
478 2908 530 2967 nbi
551 2911 587 2972 dc
609 2913 728 2981 Catone,
749 2922 831 2990 cujus
852 2912 926 2977 fidus
946 2938 1043 2979 comes
1063 2915 1121 2978 fuit
1141 2919 1240 2999 Rufus
1261 2918 1295 2976 in
1315 2917 1455 2998 cypriaca
1483 2932 1580 2993 expe·

347 3040 350 3046 ,
395 2987 544 3051 ditione.
560 2993 633 3070 Rufi
652 2994 738 3073 hujus
759 2998 864 3080 scripta
885 2999 977 3058 desid.

446 3066 568 3145 Rufus,
590 3070 702 3135 Rhetor
723 3078 935 3149 Pictaviensis,
956 3100 1042 3160 quem
1065 3078 1168 3139 multis
1195 3078 1359 3159 proscindit
1385 3073 1579 3138 carminibus
1654 3069 1655 3086 ²

405 3148 574 3223 Ausonius,
596 3174 662 3215 eum
690 3158 837 3228 irridens,
858 3162 1003 3242 eo,quod
1025 3161 1111 3220 verbo
1138 3160 1296 3219 Remioisco
1320 3180 1372 3240 pro
1393 3157 1581 3217 Reminiscor

404 3248 472 3289 usus
493 3247 586 3294 tsset.
607 3236 643 3315 iii
673 3237 870 3301 nihilominus
894 3244 990 3321 posita
1018 3239 1076 3302 fuit
1097 3259 1212 3301 statua:
1233 3240 1312 3320 quod
1340 3239 1480 3307 indicat,
1508 3254 1579 3296 non

406 3310 567 3393 inglorium
591 3314 748 3379 Rhetorem
771 3317 878 3384 fuisse.
906 3324 980 3382 Eum
1003 3324 1061 3381 sine
1082 3322 1160 3380 corde
1180 3321 1214 3379 in
1234 3322 1324 3380 altero
1345 3321 1496 3397 Epigtarn.
1521 3337 1577 3377 vo·

337 3402 345 3417 ⁸
402 3407 449 3450 cat
470 3392 618 3459 Ausonius
638 3401 709 3461 satis
729 3397 855 3485 frigide,
876 3402 946 3482 quia
968 3402 1077 3462 Corin
1097 3402 1184 3460 verbo
1208 3400 1383 3462 Renuoiscor
1400 3400 1530 3460 omisit.

444 3470 544 3551 Rufus
564 3479 575 3553 (
596 3481 659 3539 Sex.
674 3482 706 3554 ),
726 3482 838 3541 Histor.
850 3483 1058 3543 Valentiniani
1081 3503 1106 3541 r.
1121 3485 1286 3562 lmp.jussu
1313 3484 1427 3563 scripsit
1450 3480 1581 3539 Brevia·

403 3554 473 3611 ἡιιιιι
495 3553 640 3618 Historiae
660 3563 829 3632 Romanae,
851 3563 885 3621 in
913 3584 972 3645 quo
1000 3584 1094 3624 rerum
1119 3580 1237 3623 tantum
1268 3585 1381 3623 summa
1400 3564 1501 3643 capita
1536 3583 1580 3622 re·
1653 3587 1654 3662 p

402 3636 523 3705 censet,
546 3641 686 3718 prolixius
707 3644 790 3722 Opus
803 3643 1025 3713 Valentiniano,
1047 3646 1095 3705 cui
1116 3642 1292 3705 Breviorium
1302 3646 1421 3709 dicavit,
1444 3646 1579 3723 promit·
1653 3677 1654 3726 3

395 3731 491 3792 tens,
512 3720 537 3777 si
558 3716 615 3781 fata
636 3723 780 3782 sinerent.
804 3724 997 3802 compendium
1018 3724 1098 3784 istud
1118 3744 1163 3797 res
1183 3727 1330 3786 Romanas
1351 3727 1444 3785 solum
1473 3726 1577 3785 tradit

402 3814 490 3875 usque
510 3798 547 3859 ad
566 3803 684 3863 Joviani
706 3803 842 3868 obitum.
863 3808 1062 3887 cuspinianus
1082 3805 1261 3865 Breviorium
1281 3804 1369 3867 hocce
1390 3806 1475 3865 valde
1496 3799 1577 3865 lacie-

401 3894 488 3938 tum,
508 3896 538 3939 ct
554 3881 591 3961 in
614 3903 672 3961 quo
695 3887 744 3943 vin
771 3907 794 3961 3.
809 3906 906 3947 versus
926 3888 1034 3969 integri
1054 3885 1260 3958 cohaererent,
1282 3888 1475 3956 emendavit,
1500 3907 1578 3945 con·

406 3954 492 4026 tultis
512 3962 601 4025 trariis
621 3952 835 4048 exemplaribus
849 3967 1010 4057 „illudque
1030 3968 1112 4030 notis
1131 3968 1312 4033 illustrarit.
1332 3971 1454 4051 Scripsit
1473 3970 1578 4033 etiam
