3317 4817
647 337 701 416 lll
1142 370 1181 420 to
1209 379 1214 387 ·

95 434 129 504 Ἀ
149 435 270 504 canibus
286 431 448 519 ¹discerptus
468 429 602 495 interiitt
620 449 673 495 nee
691 376 1247 517 immerso,qureoreaomes1ltra

97 525 172 598 bat,
193 538 350 599 omnesque
370 515 533 576 mordebat.

141 601 277 681 Lucifer,
298 598 477 660 calaritanus
498 593 611 656 Praesul
632 593 750 656 doctiss.
766 639 776 665 ,
794 611 825 656 et
851 596 1005 657 acerrimus
1031 597 1176 660 Nictenae
1200 603 1249 681 Sy·

92 683 176 743 ⁸¹nodi
195 697 295 742 contra
315 680 439 738 Atianos
459 693 666 816 propugnator.
685 677 794 736 Verum
814 676 885 744 telo,
903 695 967 735 non
981 677 1138 737 seeundum
1158 682 1249 740 scien·

98 765 184 834 tiam,
206 763 240 822 in
261 779 308 819 eos
329 757 480 837 abreptus,
523 756 624 828 ocuit,
645 775 706 816 non
726 757 1002 816 communicandum
1023 774 1089 815 cum
1109 759 1249 831 Arianis,

93 845 151 925 ‘qui
171 841 356 999 poenitentes
376 837 417 930 ad¹
435 834 616 977 Cathltolicatm
638 836 794 896 Ecclesiam
802 834 949 976 hraeoeclielplant
961 879 967 893 .
979 837 1069 993 fillis)
1086 837 1249 978 :terpettabac

319 939 389 988 ,ma
409 935 434 975 rs
454 935 482 976 sc
505 935 577 976 tsma
592 935 675 986 rcus,
717 935 782 976 uam
909 935 961 978 cus
1131 939 1141 976 ι
1204 937 1250 978 rn-

92 939 408 1062 'lbr'eidelltn‘llaObiil
426 1015 474 1056 an.
493 1017 557 1074 370.
696 935 717 998 q
1142 937 1163 998 p

140 1081 288 1148 Lucilius,
309 1076 410 1141 Phile.
428 1094 458 1136 et
478 1077 587 1144 Poeta,
606 1075 722 1136 Siciliae
749 1076 919 1137 Procurator
934 1123 943 1149 ,
961 1091 993 1136 ct
1015 1077 1103 1139 llom.
1129 1073 1243 1161 Eques,

98 1165 131 1224 t.
148 1163 253 1220 Annae
271 1161 390 1219 Senecae
408 1157 518 1216 amicus
536 1152 678 1224 intimus,
699 1173 729 1214 et
748 1155 968 1237 discipulus,ad
988 1177 1073 1238 quem
1097 1177 1165 1218 tunt
1185 1161 1248 1241 plu·

98 1262 143 1302 res
165 1242 229 1300 libri
248 1241 352 1316 'Epistu
365 1238 503 1307 Senecae,
524 1255 553 1297 et
573 1235 623 1296 alii
642 1238 762 1296 Senecae
779 1239 946 1298 Tractatus.
959 1240 1017 1298 Scri
1040 1237 1193 1300 sitPoema
1213 1241 1248 1298 dc

91 1320 207 1380 'Morte
225 1319 337 1388 Etlua,
359 1337 393 1378 ut
412 1317 525 1379 indicat
544 1321 608 1378 Seu.
620 1317 710 1395 Epist.
722 1328 770 1376 ⁸0.
784 1317 867 1377 Idem
886 1321 990 1380 Seneca
1015 1259 1107 1394 lpisr.
1128 1329 1177 1391 46.
1191 1319 1250 1380 lau·

101 1401 154 1460 elac
175 1401 278 1458 Lucili
306 1399 411 1459 librum
432 1399 468 1459 ud
488 1419 517 1459 se
538 1399 681 1469 missum,
701 1417 733 1458 ac
752 1402 817 1477 ejus,
833 1416 949 1480 captum
976 1399 1131 1458 dulcedine
1150 1417 1249 1460 totum

100 1477 257 1540 confestim
271 1500 300 1540 st
313 1480 413 1560 legisse
424 1481 614 1540 testatur.De
626 1484 687 1557 ejus
697 1496 868 1560 argumento
876 1478 953 1539 nihil
964 1480 1054 1540 tradit
1064 1482 1168 1539 Seneca
1177 1525 1184 1538 .
1194 1479 1252 1538 lu·

90 1561 161 1625 ,erui
181 1556 268 1636 hujus
286 1561 411 1638 scripta.
432 1559 468 1620 de
488 1560 593 1640 quibus
609 1559 702 1620 'etiam
721 1561 787 1618 Seu.
803 1560 985 1619 mentionem
1006 1556 1076 1618 facit
1095 1559 1187 1634 Epist.
1203 1579 1250 1630 ιφ.

91 1643 202 1698 'eorum
223 1639 406 1720 elegantiam,
426 1659 457 1698 ac
469 1639 606 1700 Auctoris
624 1639 778 1722 ingenium
798 1639 1022 1708 commendans,
1035 1638 1252 1705 derideantur,

106 1720 177 1796 Ejus
197 1737 392 1798 praenomen,
414 1735 444 1778 et
463 1719 585 1798 patriam
608 1719 771 1778 nescimus.

143 1798 271 1855 Lucilius
290 1799 375 1874 (C),
395 1799 481 1856 Rom.
496 1799 607 1880 Eques,
628 1798 827 1877 CN.l'6mpel
848 1814 970 1880 magnus
988 1816 1078 1867 atus,
1098 1800 1187 1859 Poeta
1206 1800 1253 1859 Sa·

103 1878 213 1956 cyricus
234 1879 344 1936 Romae
363 1877 499 1939 celebris.
522 1875 569 1938 Ab
589 1879 713 1938 Horatio
733 1895 851 1938 notatur
870 1895 1007 1960 tanquam
1029 1898 1128 1960 parum
1148 1897 1255 1939 accusa·

93 1959 172 2026 tus,
192 1973 223 2014 et
243 1957 334 2016 fluens
354 1957 514 2018 lutulentus
533 1960 566 2016 itt
591 1955 726 2032 Satyris,
744 1977 864 2038 quarum
894 1979 941 2027 ιο.
955 1959 1041 2017 libros
1064 1959 1159 2018 edidit
1173 2002 1181 2027 ,
1194 1957 1258 2039 qui·
1350 1997 1354 2002 ·

105 2035 178 2104 bus,
200 2055 234 2094 ut
254 2037 296 2095 ait
315 2039 475 2108 Horatius,
496 2037 590 2097 multo
610 2037 668 2096 sale
687 2035 785 2097 urbem
806 2033 959 2097 defricuit·⁸
973 2039 1070 2098 Plures
1083 2057 1187 2118 nempe
1207 2037 1258 2097 do·

105 2133 147 2174 tes
167 2117 201 2173 in
222 2135 257 2173 eo
277 2116 468 2197 agnoscebat,
488 2136 560 2198 quae
591 2116 855 2178 commendabilem
882 2137 949 2176 eum
973 2116 1131 2183 sedebant,
1151 2119 1258 2179 adeout

105 2214 173 2254 eum
192 2195 307 2255 imitari
327 2198 465 2258 Horatius
485 2215 548 2257 nou
567 2197 784 2284 dedignaretur.
807 2199 916 2256 Verum
936 2196 973 2256 de
993 2197 1152 2258 coaddit.

826 2275 883 2334 Sea
902 2275 972 2346 ille,

267 2353 301 2414 Si
316 2353 392 2435 foret
412 2354 464 2416 boc
484 2374 606 2416 nostrum
622 2354 690 2436 fato
710 2357 820 2416 delatus
840 2359 869 2415 ia
888 2377 987 2416 aeuum
999 2377 1020 2423 ‚⁹

269 2435 416 2496 Desereret
436 2438 488 2496 sibi
508 2439 618 2497 multa:
638 2439 766 2497 recideret
786 2452 884 2506 omae,
905 2441 978 2514 quoa
997 2438 1075 2498 ultra

267 2512 428 2594 Perfectum
450 2517 621 2588 traheretur,
643 2535 670 2576 et
690 2519 719 2576 iu
738 2536 819 2576 uersu
842 2515 974 2595 faciendo
995 2549 1007 2562 ·

266 2591 356 2672 Saepe
374 2613 459 2672 eaput
478 2599 599 2657 scaberet
618 2595 716 2662 uiuos.
727 2611 754 2655 et
774 2599 877 2657 roderet
898 2616 1017 2675 ungues.

107 2669 155 2733 ab
173 2669 232 2732 ltoc
250 2675 368 2736 Horatii
388 2677 499 2754 judicio
519 2677 658 2738 dissentit
678 2676 885 2755 Quintilianus
901 2679 949 2738 lib.
960 2677 1129 2738 radicem:
1142 2673 1260 2736 Attia.

106 2753 177 2810 ratio
199 2753 349 2824 dissentio,
370 2758 417 2831 qui
438 2755 577 2816 Lucilium
592 2755 681 2840 y‘luere
699 2756 876 2827 luculenter,
897 2775 924 2815 er
951 2776 1011 2815 esse
1036 2757 1165 2833 aliquid,
1186 2756 1260 2833 quod

105 2832 205 2890 tollere
219 2835 327 2907 possis,
344 2852 451 2910 putat.
472 2835 548 2894 Nam
568 2837 683 2895 eruditio
702 2837 739 2900 iu,
751 2855 784 2893 eo
801 2837 896 2905 mua,
917 2853 945 2896 et
964 2837 1094 2903 libertas,
1115 2853 1199 2912 arque
1217 2835 1258 2891 iet·

105 2913 139 2970 ae
157 2913 295 2972 acerbitas
314 2915 423 2974 abunde
440 2917 531 2975 satis.
551 2915 631 2976 Mihi
651 2915 759 2974 mirum
782 2934 844 2976 non
865 2932 930 2988 eet,
949 2916 1027 2995 quod
1052 2916 1151 2975 minus
1179 2933 1257 2975 actu·

106 3004 182 3050 ratus
202 2991 237 3051 in
257 3013 341 3053 versu
360 2991 493 3056 faciendo
514 2993 601 3056 fuerit
622 2994 768 3062 lucilium·
787 3016 854 3056 cum
875 3013 922 3056 tot
939 2994 1061 3071 Satyrus
1081 2994 1254 3054 lucubrarit.

105 3071 134 3130 Si
154 3086 220 3136 tot,
239 3090 311 3152 quot
332 3072 469 3140 lucilius,
488 3077 647 3158 scripsisset
666 3075 820 3145 Horatius,
833 3072 954 3142 forsitan
975 3077 1074 3136 minus
1093 3091 1255 3143 accuratus.
1276 3123 1280 3128 .

106 3169 193 3230 quam
214 3151 274 3222 ille,
295 3149 565 3216 fuisset.lioratius
585 3175 651 3215 eum
660 3156 772 3234 satyrae
782 3157 966 3216 inventorem
980 3153 1115 3230 facimet
1144 3156 1255 3214 rimuut

107 3229 184 3290 inter
205 3231 327 3293 Latinos
346 3231 493 3310 Satyricas
513 3235 670 3295 dicit.Sed
689 3233 815 3301 fellitum
827 3255 895 3296 cunr
916 3236 1010 3318 plures
1029 3253 1104 3295 anta⁴
1117 3175 1257 3309 lucilium

108 3307 229 3386 satyras
250 3313 438 3392 scripserint,
457 3313 525 3374 licet
542 3316 645 3374 minus
659 3314 825 3398 elegantes.
846 3317 908 3375 Noc
936 3334 996 3375 cam
1022 3334 1121 3398 graves
1132 3333 1257 3394 „poenae

111 3408 145 3448 tt
166 3389 389 3472 'rabullegibus
401 3409 525 3454 statutae
545 3391 668 3455 fuissent
687 3410 788 3454 contra
807 3391 911 3456 famosi
931 3395 1069 3456 carminis
1089 3394 1258 3473 scriptores,

109 3469 167 3529 niti
188 3465 312 3530 fuissent
331 3477 390 3549 Jam
412 3489 482 3546 tunc
502 3475 622 3552 satyrici
642 3476 768 3544 Poetae,
787 3477 840 3554 qui
859 3475 970 3534 civium
995 3471 1102 3533 famam
1132 3470 1259 3532 retribue

108 3550 168 3609 tuis
179 3548 335 3610 lacerarent
346 3595 353 3608 .
364 3548 479 3612 floruit
490 3552 616 3622 lucilius
633 3573 680 3613 an.
691 3574 757 3628 ¹25·
769 3551 959 3616 antechristi
971 3570 1069 3613 ortum
1080 3596 1085 3608 .
1098 3548 1146 3609 Ab
1157 3551 1262 3624 Adria·

109 3645 150 3688 uo
170 3629 247 3710 Imp.
271 3630 376 3689 Lucilii
395 3630 520 3710 Satyrae
538 3636 674 3695 omnium
695 3635 848 3704 Poetarum
870 3631 984 3710 Satyris
1010 3628 1258 3714 praeferebantur.

111 3725 140 3767 et
159 3709 298 3769 nonnulli
318 3711 456 3776 omnibus
476 3713 575 3774 l’oetis
594 3714 734 3776 Lucilium
761 3711 1001 3794 anteponebantt
1021 3713 1102 3794 quod
1128 3711 1261 3793 Quintil.

111 3790 283 3869 neutiquam
304 3791 421 3882 probat,
441 3811 471 3854 et
490 3794 533 3853 ait
552 3795 601 3853 lib.
616 3815 662 3866 9.,
683 3815 749 3855 eum
770 3812 878 3876 practer
897 3791 1038 3870 Satyrus,
1053 3792 1260 3852 Grammaticus

112 3868 237 3929 Catones
257 3873 424 3950 scrtpsisser
446 3873 495 3932 sed
514 3869 636 3936 forsitan
656 3874 693 3935 de
711 3875 772 3938 illis
791 3875 1004 3937 Grammaticte
1027 3872 1198 3943 canonibus
1217 3873 1265 3932 lo·

112 3948 228 4029 illm·
249 3969 323 4034 quoe
340 3950 457 4030 Satyris
474 3954 536 4018 suis
553 3955 602 4017 iil.
624 3975 651 4028 p.
662 3956 804 4029 inseruit,
822 3952 922 4018 ubido
933 3955 1011 4018 tatio
1025 3952 1184 4014 litterarum
1204 3967 1261 4017 utu
1341 3985 1344 3988 ·

1029 4051 1061 4098 OG
1081 4051 1100 4090 2
