3317 4817
452 383 510 426 200
959 355 1016 420 LO
1260 415 1264 418 ,
1368 405 1375 410 .

412 445 472 520 ejus
493 445 576 522 Opus
595 433 760 522 appellans,
782 453 816 499 ut
844 437 938 520 Opera
966 434 1111 522 Virgilii,
1135 438 1311 500 et-Horatii
1329 483 1336 498 .
1357 436 1443 500 Idem
1469 419 1576 522 potins

369 546 375 554 ’
412 523 500 599 multi
520 522 592 590 alii,
613 523 662 601 qui
684 541 782 600 parum
803 540 819 577 a
840 521 1002 602 virgiliana
1024 523 1172 590 majestate
1193 519 1299 579 distare
1319 520 1462 580 lucanum
1481 536 1576 594 ,sunt

417 603 564 671 arbitrati,
584 601 653 658 licet
674 601 755 658 valde
777 601 892 672 iuvenis
912 599 1091 658 Pharsaliam
1116 599 1293 658 lucubratis.
1380 595 1396 619 i
1579 603 1582 608 '

575 695 694 736 anrrrs
715 693 938 734 assertum
970 693 1014 733 nr
1035 691 1167 734 aucam
1195 694 1404 738 enarraris.

453 759 510 820 Sub
530 760 631 818 ludice
651 757 744 816 adhuc
765 759 800 817 lis
820 776 888 824 est,
908 776 1005 817 utrum
1028 757 1181 814 Pharsalia
1201 761 1279 819 inter
1301 761 1388 838 Epica
1413 761 1579 829 samaeas

413 859 487 908 anve
507 841 584 897 inter
605 837 748 894 Historias
767 839 801 894 de
821 837 906 893 Bello
929 837 1014 895 Civili
1027 838 1067 894 sit
1079 836 1352 915 numerandaiQui
1362 840 1572 906 contendunt.

412 939 518 980 maana
539 917 708 976 historicam
731 917 925 976 narrationem
946 937 1006 976 esse
1026 915 1154 975 versibus
1174 919 1312 976 traditam
1326 962 1334 986 ,
1347 937 1463 1001 negant,
1477 918 1576 975 luca·

412 1012 475 1081 aram
497 1000 572 1078 inter
593 999 698 1076 Epiros
720 997 821 1055 Poetas
842 996 1068 1064 recensendum,
1089 1015 1117 1054 et
1138 997 1175 1055 ad
1196 1017 1280 1076 puros
1309 1008 1374 1055 eum
1391 995 1577 1057 versificato-
1604 1032 1609 1044 ·

410 1099 453 1138 res
474 1077 694 1158 rejiciuntAEgo
707 1095 774 1134 vero
795 1093 858 1133 non
877 1066 1076 1156 vide02quam
1097 1074 1136 1134 ob
1156 1095 1216 1134 rem
1239 1077 1370 1133 Lucanas
1388 1078 1494 1136 Poetae
1505 1077 1576 1156 Epi·

412 1151 441 1216 ci
462 1155 543 1215 laude
565 1157 722 1236 privandus
742 1155 803 1226 sit,
823 1172 853 1216 et
868 1172 922 1212 cur
941 1153 1094 1212 Pharsalia
1128 1174 1190 1213 non
1210 1161 1250 1214 sit
1271 1157 1350 1234 Epos
1375 1156 1573 1236 appellanda.

387 1273 390 1279 ·
413 1234 551 1310 Fabulae,
574 1237 707 1315 inquies.
728 1253 788 1296 non
810 1229 944 1296 adhibuit‘
965 1233 1144 1293 Pharsaliam
1165 1255 1245 1294 suam
1266 1235 1411 1304 scribens,
1432 1237 1512 1316 qnod
1532 1231 1576 1293 fe·

411 1333 512 1376 cerunt
532 1311 636 1374 Poetae
657 1315 741 1394 Epici
771 1313 965 1379 illustriores,
984 1315 1149 1381 Homerus,
1170 1332 1201 1372 et
1221 1335 1287 1372 eum
1313 1316 1448 1375 imitatus
1472 1315 1577 1395 Virgi·

409 1395 488 1463 lius,
509 1395 725 1474 quiprincipes
747 1394 778 1450 in
801 1391 856 1453 hoc
876 1411 980 1476 genere
1004 1395 1126 1451 Pocscos
1144 1391 1302 1461 habentur,
1316 1395 1491 1473 adquorum
1507 1413 1575 1452 not·

409 1495 487 1534 mam
501 1475 584 1556 Epici
605 1491 706 1534 ornnes
718 1472 825 1530 debent
846 1492 875 1530 se
894 1469 1095 1539 conformare,
1109 1491 1142 1530 ut
1162 1473 1240 1531 inter
1260 1474 1369 1552 Epiros
1382 1475 1486 1532 Poetas
1506 1491 1575 1532 cen·

412 1573 542 1614 scantur.
565 1553 626 1630 Qui
647 1554 728 1612 enim
750 1549 822 1610 facta
844 1571 908 1610 veta
928 1549 1046 1610 heroum
1068 1571 1185 1610 suorum
1207 1570 1321 1610 narrant
1336 1571 1382 1618 ‚et
1397 1572 1480 1612 versu
1500 1555 1574 1612 seri·

412 1631 713 1696 bunt‚versificatoris
732 1627 864 1689 historici
887 1631 1090 1712 magis,quam
1112 1631 1218 1692 Posiae
1236 1633 1356 1691 Heroici
1378 1648 1489 1692 nomeu
1514 1653 1574 1690 me·

411 1733 510 1774 rentur
522 1757 537 1771 ..
551 1713 641 1790 Quod
661 1714 687 1773 si
708 1713 785 1771 inter
805 1711 978 1772 narrandum
999 1710 1203 1779 declamatorio
1223 1711 1298 1790 stylo
1319 1730 1362 1772 tes
1381 1729 1571 1794 exaggerant,

406 1789 563 1860 Oratores,
585 1792 630 1850 vel
649 1789 861 1850 Decl'amatores
878 1789 1090 1848 'dicendi'sunt
1109 1811 1116 1846 ε
1136 1809 1208 1870 quae
1235 1791 1336 1849 omnia
1352 1792 1391 1849 ‘in
1412 1791 1530 1849 Lucano
1553 1814 1569 1851 a

407 1872 527 1932 Criticis
548 1887 705 1934 notantur.
726 1871 800 1939 Sed,
822 1869 873 1953 qui
893 1870 935 1930 ita
955 1868 992 1930 de
1012 1870 1119 1929 Lucani
1139 1868 1322 1938 Pharsalia,
1342 1886 1371 1928 et
1392 1871 1428 1928 de
1451 1871 1569 1929 lucano

406 1952 555 2018 sentiunt,
572 1970 604 2011 ut
624 1952 652 2010 ei
673 1952 825 2010 Pocticum
848 1949 956 2008 nomen
977 1949 1114 2028 eripiant,
1125 1949 1323 2008 mihiaiieant
1335 1994 1343 2018 ,
1356 1950 1469 2009 velim:
1490 1952 1570 2009 unde

409 2031 630 2110 acceperint‚ad
651 2033 807 2110 Epopejam
829 2027 1009 2110 pangendam
1025 2025 1130 2090 fabulis
1150 2029 1195 2087 uti
1221 2047 1370 2108 oportere.
1390 2031 1434 2089 Ex
1456 2032 1568 2112 Epope·

408 2116 453 2190 jae
473 2109 655 2178 definitione,
676 2109 711 2170 ab
720 2108 878 2168 Aristotele
898 2108 1012 2174 tradita,
1035 2104 1112 2165 nihil
1131 2108 1189 2166 ‘tale
1207 2111 1316 2189 requiri
1338 2109 1449 2168 video.
1474 2112 1571 2188 Quin·

409 2192 504 2250 immo
526 2209 598 2256 vera,
619 2206 669 2259 aut
688 2189 798 2249 similia
820 2206 886 2250 vero
907 2187 943 2244 de
963 2184 1107 2259 Heroibus
1127 2190 1266 2262 natandi
1287 2188 1517 2268 praescribitur,
1539 2204 1568 2247 et

414 2268 593 2348 hujusmodi,
605 2287 675 2348 quae
697 2269 774 2326 viros
787 2263 931 2350 principes
942 2267 1055 2350 possint
1067 2267 1103 2325 ad
1123 2267 1235 2327 similia
1256 2288 1340 2348 opera
1363 2271 1505 2328 excitare.
1520 2272 1570 2327 hn

415 2345 537 2408 iorsrtan
556 2347 592 2405 de
613 2348 804 2438 Pocsinpica
831 2362 926 2408 actum
948 2363 1042 2412 esset,
1062 2363 1091 2405 et
1112 2347 1235 2427 Epirum
1257 2350 1364 2407 Poema
1395 2348 1484 2407 scriba
1506 2367 1568 2407 non
1604 2355 1608 2360 '

411 2421 561 2520 potuisset,
573 2429 598 2486 si
611 2429 730 2486 Graeca
741 2425 865 2484 mendax
886 2425 1022 2484 ridiculas
1028 2424 1148 2503 fabulas
1160 2447 1223 2486 suas
1233 2447 1300 2486 com
1306 2446 1404 2487 menta
1419 2446 1481 2486 non
1495 2426 1571 2486 liris·

408 2503 475 2566 set?
494 2507 524 2564 Si
544 2507 607 2575 ita,
627 2504 786 2570 Hebraeis,
805 2522 834 2564 et
854 2503 1031 2581 Christianis
1051 2505 1149 2565 Poetis
1170 2525 1306 2589 negatum
1321 2509 1389 2576 crit,
1406 2509 1518 2566 Heroes
1529 2510 1562 2566 in

410 2587 501 2656 Sacris
514 2585 621 2656 litteris
640 2585 779 2667 insignes,
792 2585 884 2666 Epico
903 2586 1047 2648 carmine,
1060 2605 1159 2645 eorum
1174 2604 1238 2645 vera
1260 2583 1332 2645 facta
1356 2586 1568 2655 narrando,ca-

407 2661 495 2736 nete,
516 2665 542 2725 si
562 2665 660 2724 nolint
677 2667 781 2746 ¹scripta
805 2685 854 2724 sua
874 2665 1050 2722 Graecorum
1063 2663 1179 2724 Fabulis
1192 2685 1330 2724 exornare
1344 2685 1393 2733 ,et
1405 2686 1455 2746 per
1464 2667 1565 2725 omnia

408 2745 502 2806 velint
516 2745 667 2806 veritatem
679 2745 836 2806 consectari
849 2743 944 2827 :quod
957 2744 1084 2802 dicturos
1099 2763 1160 2802 non
1171 2744 1301 2813 arbitror,
1310 2745 1362 2824 qui
1372 2745 1482 2803 Lucani
1496 2749 1568 2806 Poe·

867 2819 871 2826 ι

406 2846 454 2885 ma
474 2828 596 2920 Epicun'r
617 2845 676 2885 esse
697 2843 820 2963 negant,
837 2843 871 2882 eo
892 2823 970 2903 quod
991 2825 1166 2882 Graecorum
1187 2825 1350 2883 mendaciis
1371 2825 1561 2885 destituatur.

403 2903 434 2966 Si
454 2925 534 2966 erum
557 2907 678 2970 Poetae,
689 2922 717 2963 et
769 2921 845 2972 ates,
868 2921 897 2963 et
911 2901 1015 2962 Diviai
1026 2902 1215 2986 appellantur,
1227 2925 1243 2963 a
1257 2923 1324 2967 vero
1344 2903 1497 2976 abhorrere
1509 2907 1570 2963 mi·

403 2985 487 3046 nime
506 2985 627 3042 debent:
640 2986 820 3064 praesertim,
832 3003 897 3042 curn
912 3001 975 3043 reta
997 2983 1139 3041 narrando
1149 3028 1156 3051 ,
1167 3000 1197 3041 et
1209 3004 1225 3043 a
1237 2981 1409 3048 fictionibus
1419 2984 1568 3045 abstinen·

406 3063 455 3132 do,
467 3071 586 3142 possunt
598 3109 604 3130 ,
618 3078 646 3121 et
667 3065 766 3124 docere
780 3080 827 3125 ‚et
848 3061 990 3121 delectare¹
1000 3105 1007 3118 .
1023 3064 1092 3121 Non
1106 3062 1249 3133 diffiteor,
1262 3066 1446 3132 Homerum,
1458 3082 1490 3123 et
1501 3067 1569 3124 vis·

403 3141 524 3231 gilium,
546 3138 653 3199 fabulas
673 3142 704 3201 in
717 3143 815 3222 Eprc'is
829 3143 888 3202 suis
907 3140 1053 3223 Operibus
1074 3162 1245 3224 usurpasse.
1266 3145 1376 3203 Verum
1398 3160 1491 3213 sunt,
1512 3143 1565 3224 qui

407 3237 514 3302 putent
533 3261 542 3284 ,
561 3222 666 3279 iccirco
687 3214 793 3280 fabulas
813 3218 1000 3289 adhibuisse,
1021 3222 1089 3300 quia
1110 3219 1250 3281 confictos
1270 3225 1406 3292 Heroas,
1427 3243 1479 3283 seu
1498 3242 1571 3304 quo·
1643 3264 1644 3275 ι

406 3319 472 3358 turn
493 3297 565 3359 facta
585 3308 706 3361 ex'veta
727 3297 847 3362 historia
869 3298 963 3368 nihil,
985 3317 1034 3361 aut
1053 3305 1128 3359 cerr'e
1143 3321 1244 3380 parurn
1266 3299 1376 3360 heroici
1398 3300 1564 3372 habebant,

407 3379 468 3438 sibi
478 3379 623 3438 canendos
639 3379 843 3462 sumpserunt.
855 3397 884 3438 et
903 3380 1112 3461 inopiarerum
1131 3401 1261 3440 verarum
1283 3380 1483 3452 mirabilium,
1494 3386 1588 3462 qoae'
1643 3386 1644 3411 l

405 3458 525 3542 legenda
545 3460 681 3528 ederent,
701 3459 738 3518 'ad
765 3457 874 3521 fabulas
901 3457 1055 3535 lectoribus
1076 3461 1271 3551 propinpndas
1290 3458 1480 3544 confugisse.
1501 3461 1567 3520 la·

398 3559 468 3596 carto
487 3559 582 3598 aurern
604 3543 682 3598 suirn
695 3539 833 3598 scribenti
847 3536 1025 3595 Pharsaliam
1036 3557 1105 3602 ,nec
1121 3553 1182 3597 vert
1196 3543 1305 3598 Heroas
1317 3537 1473 3600 defuerunt
1487 3585 1495 3610 ,
1507 3560 1563 3601 nec
1643 3578 1644 3585 ι

313 3665 318 3676 .
382 3615 471 3678 ,facta
492 3618 653 3686 mirabilia,
672 3639 742 3710 guae
759 3617 919 3700 ,lectoribus
939 3620 997 3703 suis
1018 3616 1189 3707 exhiberet.
1211 3620 1296 3698 Quid
1316 3621 1409 3703 igitur
1429 3623 1559 3686 mirum,

398 3698 423 3755 si
443 3718 459 3756 a
478 3693 582 3757 fabulis
601 3691 802 3756 immiscendis
823 3695 881 3754 sibi
900 3693 1086 3778 temperarit?
1101 3693 1206 3776 Quid?
1218 3699 1297 3778 quod
1321 3700 1422 3758 lectori
1445 3701 1558 3781 sapien·
1643 3692 1644 3767 J

399 3775 442 3842 ti,
462 3791 492 3834 et
510 3777 664 3868 ingenioso
684 3775 762 3838 nihil
783 3775 874 3856 magis
894 3779 992 3858 sapit,
1015 3796 1102 3856 quam
1124 3779 1248 3836 veritas.
1280 3779 1344 3856 Qui
1363 3776 1478 3838 fabulas
1495 3798 1567 3859 poe·
1643 3812 1644 3821 ι

397 3853 470 3911 ticas
489 3861 700 3915 suts·'tnserunt
721 3856 927 3924 Poematibus,
949 3855 1024 3914 illud
1047 3874 1176 3936 spectare
1196 3858 1356 3927 videntur,
1380 3875 1413 3932 ιιι
1440 3859 1566 3918 lectores
1643 3894 1644 3897 ι

394 3931 577 4017 intelligant,
599 3938 683 3998 sc'in
702 3938 880 3998 Graecorum
902 3933 1162 4021 rant‘thologia
1181 3957 1243 3998 esse
1265 3954 1414 4018 suntor,
1433 3938 1567 4018 aanor
1643 3938 1644 3943 ’
