<?xml version="1.0" encoding="UTF-8"?>
<!DOCTYPE html PUBLIC "-//W3C//DTD XHTML 1.0 Transitional//EN"
    "http://www.w3.org/TR/xhtml1/DTD/xhtml1-transitional.dtd">
<html xmlns="http://www.w3.org/1999/xhtml" xml:lang="en" lang="en">
 <head>
  <title>
</title>
<meta http-equiv="Content-Type" content="text/html;charset=utf-8" />
  <meta name='ocr-system' content='tesseract 3.04.00' />
  <meta name='ocr-capabilities' content='ocr_page ocr_carea ocr_par ocr_line ocrx_word'/>
</head>
<body>
  <div class='ocr_page' id='page_1' title='image "./matthaeiaimeric00aymegoog/matthaeiaimeric00aymegoog_0380.png"; bbox 0 0 3317 4817; ppageno 0'>
   <div class='ocr_carea' id='block_1_1' title="bbox 422 306 1585 635">
    <p class='ocr_par' dir='ltr' id='par_1_1' title="bbox 422 306 1585 635">
     <span class='ocr_line' id='line_1_1' title="bbox 422 306 1584 477; baseline 0.016 -35"><span class='ocrx_word' id='word_1_1' title='bbox 422 314 625 450; x_wconf 55' lang='lat' dir='ltr'>as‘ir&#39;rteaa.</span> <span class='ocrx_word' id='word_1_2' title='bbox 637 387 786 457; x_wconf 72' lang='lat' dir='ltr'>Omnium</span> <span class='ocrx_word' id='word_1_3' title='bbox 796 388 926 475; x_wconf 73' lang='lat' dir='ltr'>optima,</span> <span class='ocrx_word' id='word_1_4' title='bbox 936 306 1151 461; x_wconf 50' lang='lat' dir='ltr'>segnitiam</span> <span class='ocrx_word' id='word_1_5' title='bbox 1170 409 1187 455; x_wconf 86' lang='lat' dir='ltr'>a</span> <span class='ocrx_word' id='word_1_6' title='bbox 1203 407 1283 476; x_wconf 77' lang='lat' dir='ltr'>patre</span> <span class='ocrx_word' id='word_1_7' title='bbox 1293 387 1452 477; x_wconf 74' lang='lat' dir='ltr'>appellatur</span> <span class='ocrx_word' id='word_1_8' title='bbox 1465 389 1501 453; x_wconf 91' lang='lat' dir='ltr'>io</span> <span class='ocrx_word' id='word_1_9' title='bbox 1513 389 1584 461; x_wconf 64' lang='lat'>00⁸·</span> 
     </span>
     <span class='ocr_line' id='line_1_2' title="bbox 430 471 1585 558; baseline 0.003 -31"><span class='ocrx_word' id='word_1_10' title='bbox 430 471 583 535; x_wconf 73' lang='lat' dir='ltr'><em>solatione,</em></span> <span class='ocrx_word' id='word_1_11' title='bbox 603 471 640 531; x_wconf 89' lang='lat' dir='ltr'>de</span> <span class='ocrx_word' id='word_1_12' title='bbox 659 477 721 550; x_wconf 84' lang='lat' dir='ltr'>ejus</span> <span class='ocrx_word' id='word_1_13' title='bbox 740 489 855 543; x_wconf 90' lang='lat' dir='ltr'>morte,</span> <span class='ocrx_word' id='word_1_14' title='bbox 879 489 909 533; x_wconf 89' lang='lat' dir='ltr'>et</span> <span class='ocrx_word' id='word_1_15' title='bbox 927 475 1148 552; x_wconf 62' lang='lat' dir='ltr'>conuentione</span> <span class='ocrx_word' id='word_1_16' title='bbox 1167 476 1323 558; x_wconf 80' lang='lat' dir='ltr'><strong>loquente.</strong></span> <span class='ocrx_word' id='word_1_17' title='bbox 1344 478 1390 551; x_wconf 83' lang='lat' dir='ltr'>lta</span> <span class='ocrx_word' id='word_1_18' title='bbox 1409 478 1491 536; x_wconf 85' lang='lat' dir='ltr'>Lact.</span> <span class='ocrx_word' id='word_1_19' title='bbox 1511 472 1533 531; x_wconf 87' lang='lat' dir='ltr'>l.</span> <span class='ocrx_word' id='word_1_20' title='bbox 1558 494 1585 534; x_wconf 83' lang='grc' dir='ltr'>ι.</span> 
     </span>
     <span class='ocr_line' id='line_1_3' title="bbox 430 550 1584 635; baseline 0.004 -25"><span class='ocrx_word' id='word_1_21' title='bbox 430 550 504 610; x_wconf 80' lang='lat' dir='ltr'>Dio.</span> <span class='ocrx_word' id='word_1_22' title='bbox 528 551 623 612; x_wconf 87' lang='lat' dir='ltr'>Instit.</span> <span class='ocrx_word' id='word_1_23' title='bbox 645 571 668 609; x_wconf 88' lang='lat' dir='ltr'>c.</span> <span class='ocrx_word' id='word_1_24' title='bbox 691 572 725 616; x_wconf 85' lang='lat' dir='ltr'>rs</span> <span class='ocrx_word' id='word_1_25' title='bbox 743 596 750 612; x_wconf 84' lang='lat'><strong>.</strong></span> <span class='ocrx_word' id='word_1_26' title='bbox 771 556 842 614; x_wconf 82' lang='lat' dir='ltr'>Fuit</span> <span class='ocrx_word' id='word_1_27' title='bbox 860 554 1033 635; x_wconf 75' lang='lat' dir='ltr'>desponsata</span> <span class='ocrx_word' id='word_1_28' title='bbox 1052 558 1086 617; x_wconf 85' lang='lat' dir='ltr'>C.</span> <span class='ocrx_word' id='word_1_29' title='bbox 1097 558 1211 626; x_wconf 83' lang='lat' dir='ltr'>Pisoni,</span> <span class='ocrx_word' id='word_1_30' title='bbox 1230 554 1336 617; x_wconf 79' lang='lat' dir='ltr'>celebri</span> <span class='ocrx_word' id='word_1_31' title='bbox 1355 558 1453 616; x_wconf 67' lang='lat' dir='ltr'>Orata</span> <span class='ocrx_word' id='word_1_32' title='bbox 1475 552 1584 621; x_wconf 84' lang='lat' dir='ltr'>deinde</span> 
     </span>
    </p>
   </div>
   <div class='ocr_carea' id='block_1_2' title="bbox 293 630 1582 717">
    <p class='ocr_par' dir='ltr' id='par_1_2' title="bbox 293 630 1582 717">
     <span class='ocr_line' id='line_1_4' title="bbox 293 630 1582 717; baseline -0.003 -20"><span class='ocrx_word' id='word_1_33' title='bbox 293 692 295 697; x_wconf 91' lang='lat'><em>.</em></span> <span class='ocrx_word' id='word_1_34' title='bbox 420 630 596 693; x_wconf 78' lang='lat' dir='ltr'>&#39;Dolabellae</span> <span class='ocrx_word' id='word_1_35' title='bbox 615 648 757 714; x_wconf 64' lang='lat' dir='ltr'>nuptast</span> <span class='ocrx_word' id='word_1_36' title='bbox 775 634 896 697; x_wconf 76' lang='lat' dir='ltr'>taudem</span> <span class='ocrx_word' id='word_1_37' title='bbox 915 636 1096 717; x_wconf 73' lang='lat' dir='ltr'>Crassipedi,</span> <span class='ocrx_word' id='word_1_38' title='bbox 1111 638 1149 696; x_wconf 90' lang='lat' dir='ltr'>de</span> <span class='ocrx_word' id='word_1_39' title='bbox 1165 636 1272 717; x_wconf 87' lang='lat' dir='ltr'>quibus</span> <span class='ocrx_word' id='word_1_40' title='bbox 1292 638 1354 697; x_wconf 88' lang='lat' dir='ltr'>Cic.</span> <span class='ocrx_word' id='word_1_41' title='bbox 1368 639 1401 694; x_wconf 89' lang='lat' dir='ltr'>in</span> <span class='ocrx_word' id='word_1_42' title='bbox 1414 636 1522 709; x_wconf 79' lang='lat' dir='ltr'>Epirtt.</span> <span class='ocrx_word' id='word_1_43' title='bbox 1543 635 1582 693; x_wconf 88' lang='lat' dir='ltr'>Iu</span> 
     </span>
    </p>
   </div>
   <div class='ocr_carea' id='block_1_3' title="bbox 375 709 1584 1763">
    <p class='ocr_par' dir='ltr' id='par_1_3' title="bbox 375 709 1584 1763">
     <span class='ocr_line' id='line_1_5' title="bbox 429 709 1584 798; baseline 0.003 -29"><span class='ocrx_word' id='word_1_44' title='bbox 429 712 480 769; x_wconf 80' lang='lat' dir='ltr'>ria</span> <span class='ocrx_word' id='word_1_45' title='bbox 498 713 606 793; x_wconf 73' lang='lat' dir='ltr'>Appia.</span> <span class='ocrx_word' id='word_1_46' title='bbox 625 734 641 773; x_wconf 90' lang='lat' dir='ltr'>e</span> <span class='ocrx_word' id='word_1_47' title='bbox 660 715 779 798; x_wconf 76' lang='lat' dir='ltr'>regione</span> <span class='ocrx_word' id='word_1_48' title='bbox 796 716 961 777; x_wconf 87' lang='lat' dir='ltr'>conditorii</span> <span class='ocrx_word' id='word_1_49' title='bbox 972 718 1126 778; x_wconf 85' lang='lat' dir='ltr'>Ciceronis</span> <span class='ocrx_word' id='word_1_50' title='bbox 1142 720 1302 780; x_wconf 84' lang='lat' dir='ltr'>inventum</span> <span class='ocrx_word' id='word_1_51' title='bbox 1314 709 1374 777; x_wconf 83' lang='lat' dir='ltr'>lirit</span> <span class='ocrx_word' id='word_1_52' title='bbox 1382 715 1436 776; x_wconf 90' lang='lat' dir='ltr'>sub</span> <span class='ocrx_word' id='word_1_53' title='bbox 1446 714 1584 775; x_wconf 74' lang='lat' dir='ltr'>sirtolv</span> 
     </span>
     <span class='ocr_line' id='line_1_6' title="bbox 428 792 1584 879; baseline 0.002 -26"><span class='ocrx_word' id='word_1_54' title='bbox 428 792 517 853; x_wconf 77' lang='lat' dir='ltr'>Pons.</span> <span class='ocrx_word' id='word_1_55' title='bbox 529 794 669 853; x_wconf 82' lang='lat' dir='ltr'>muliebre</span> <span class='ocrx_word' id='word_1_56' title='bbox 687 796 822 862; x_wconf 81' lang='lat' dir='ltr'>cadaver.</span> <span class='ocrx_word' id='word_1_57' title='bbox 834 797 914 879; x_wconf 89' lang='lat' dir='ltr'>quod</span> <span class='ocrx_word' id='word_1_58' title='bbox 933 817 969 857; x_wconf 83' lang='lat' dir='ltr'>ex</span> <span class='ocrx_word' id='word_1_59' title='bbox 989 799 1184 879; x_wconf 84' lang='lat' dir='ltr'>inscriptione</span> <span class='ocrx_word' id='word_1_60' title='bbox 1203 804 1400 873; x_wconf 82' lang='lat' dir='ltr'>conjectatum</span> <span class='ocrx_word' id='word_1_61' title='bbox 1421 794 1498 864; x_wconf 85' lang='lat' dir='ltr'>fuit,</span> <span class='ocrx_word' id='word_1_62' title='bbox 1511 794 1584 855; x_wconf 88' lang='lat' dir='ltr'>Tul·</span> 
     </span>
     <span class='ocr_line' id='line_1_7' title="bbox 426 869 1583 958; baseline 0 -23"><span class='ocrx_word' id='word_1_63' title='bbox 426 872 513 935; x_wconf 80' lang='lat' dir='ltr'>liolre</span> <span class='ocrx_word' id='word_1_64' title='bbox 534 869 637 935; x_wconf 86' lang='lat' dir='ltr'>fuisse.</span> <span class='ocrx_word' id='word_1_65' title='bbox 651 874 687 935; x_wconf 87' lang='lat' dir='ltr'>ld</span> <span class='ocrx_word' id='word_1_66' title='bbox 706 894 766 937; x_wconf 89' lang='lat' dir='ltr'>erat</span> <span class='ocrx_word' id='word_1_67' title='bbox 784 876 965 939; x_wconf 69' lang='lat' dir='ltr'>aromatibus</span> <span class='ocrx_word' id='word_1_68' title='bbox 985 880 1027 937; x_wconf 86' lang='lat' dir='ltr'>ita</span> <span class='ocrx_word' id='word_1_69' title='bbox 1045 880 1201 939; x_wconf 89' lang='lat' dir='ltr'>conditum</span> <span class='ocrx_word' id='word_1_70' title='bbox 1212 924 1220 946; x_wconf 90' lang='lat'>,</span> <span class='ocrx_word' id='word_1_71' title='bbox 1233 897 1266 939; x_wconf 94' lang='lat' dir='ltr'>ut</span> <span class='ocrx_word' id='word_1_72' title='bbox 1287 879 1427 958; x_wconf 82' lang='lat' dir='ltr'>temporis</span> <span class='ocrx_word' id='word_1_73' title='bbox 1439 876 1583 952; x_wconf 86' lang='lat' dir='ltr'>injuriam</span> 
     </span>
     <span class='ocr_line' id='line_1_8' title="bbox 402 957 1584 1039; baseline 0.002 -26"><span class='ocrx_word' id='word_1_74' title='bbox 402 996 404 1001; x_wconf 61' lang='lat'><em>.</em></span> <span class='ocrx_word' id='word_1_75' title='bbox 427 972 493 1015; x_wconf 88' lang='lat' dir='ltr'>nou</span> <span class='ocrx_word' id='word_1_76' title='bbox 511 957 647 1017; x_wconf 73' lang='lat' dir='ltr'>sensuit.</span> <span class='ocrx_word' id='word_1_77' title='bbox 670 958 706 1017; x_wconf 85' lang='lat' dir='ltr'>ln</span> <span class='ocrx_word' id='word_1_78' title='bbox 727 978 763 1017; x_wconf 93' lang='lat' dir='ltr'>eo</span> <span class='ocrx_word' id='word_1_79' title='bbox 782 958 950 1019; x_wconf 71' lang='lat' dir='ltr'>tuebantur</span> <span class='ocrx_word' id='word_1_80' title='bbox 968 959 1068 1039; x_wconf 84' lang='lat' dir='ltr'>capilli</span> <span class='ocrx_word' id='word_1_81' title='bbox 1087 979 1174 1019; x_wconf 87' lang='lat' dir='ltr'>aureo</span> <span class='ocrx_word' id='word_1_82' title='bbox 1192 958 1316 1019; x_wconf 90' lang='lat' dir='ltr'>reticulo</span> <span class='ocrx_word' id='word_1_83' title='bbox 1336 958 1481 1037; x_wconf 79' lang='lat' dir='ltr'>impliciti</span> <span class='ocrx_word' id='word_1_84' title='bbox 1506 976 1584 1017; x_wconf 90' lang='lat' dir='ltr'>sum·</span> 
     </span>
     <span class='ocr_line' id='line_1_9' title="bbox 381 1036 1584 1107; baseline 0.002 -12"><span class='ocrx_word' id='word_1_85' title='bbox 381 1088 384 1095; x_wconf 36' lang='grc' dir='ltr'>ι</span> <span class='ocrx_word' id='word_1_86' title='bbox 425 1053 476 1097; x_wconf 84' lang='lat' dir='ltr'>ma</span> <span class='ocrx_word' id='word_1_87' title='bbox 497 1038 635 1098; x_wconf 86' lang='lat' dir='ltr'>omnium</span> <span class='ocrx_word' id='word_1_88' title='bbox 656 1038 1060 1107; x_wconf 80' lang='lat' dir='ltr'>admiratione.cadaver,in</span> <span class='ocrx_word' id='word_1_89' title='bbox 1082 1038 1189 1099; x_wconf 85' lang='lat' dir='ltr'>Urbem</span> <span class='ocrx_word' id='word_1_90' title='bbox 1211 1041 1349 1106; x_wconf 86' lang='lat' dir='ltr'>delatum,</span> <span class='ocrx_word' id='word_1_91' title='bbox 1371 1036 1507 1097; x_wconf 86' lang='lat' dir='ltr'>triduana</span> <span class='ocrx_word' id='word_1_92' title='bbox 1521 1056 1584 1102; x_wconf 87' lang='lat' dir='ltr'>ruo·</span> 
     </span>
     <span class='ocr_line' id='line_1_10' title="bbox 415 1118 1582 1197; baseline 0 -20"><span class='ocrx_word' id='word_1_93' title='bbox 415 1134 455 1177; x_wconf 84' lang='lat' dir='ltr'>-ra</span> <span class='ocrx_word' id='word_1_94' title='bbox 464 1120 656 1197; x_wconf 84' lang='lat' dir='ltr'>computruit,</span> <span class='ocrx_word' id='word_1_95' title='bbox 669 1118 864 1181; x_wconf 85' lang='lat' dir='ltr'>medicamine</span> <span class='ocrx_word' id='word_1_96' title='bbox 874 1136 974 1180; x_wconf 87' lang='lat' dir='ltr'>amoto</span> <span class='ocrx_word' id='word_1_97' title='bbox 982 1163 990 1177; x_wconf 89' lang='lat'><strong>.</strong></span> <span class='ocrx_word' id='word_1_98' title='bbox 999 1120 1163 1181; x_wconf 81' lang='lat' dir='ltr'>VideCoel.</span> <span class='ocrx_word' id='word_1_99' title='bbox 1172 1118 1268 1179; x_wconf 84' lang='lat' dir='ltr'>Rhod.</span> <span class='ocrx_word' id='word_1_100' title='bbox 1280 1121 1301 1179; x_wconf 86' lang='lat' dir='ltr'>l.</span> <span class='ocrx_word' id='word_1_101' title='bbox 1312 1143 1338 1188; x_wconf 84' lang='lat'>³·</span> <span class='ocrx_word' id='word_1_102' title='bbox 1347 1118 1582 1190; x_wconf 64' lang='lat' dir='ltr'>coalescant.</span> 
     </span>
     <span class='ocr_line' id='line_1_11' title="bbox 415 1193 1582 1281; baseline 0.001 -25"><span class='ocrx_word' id='word_1_103' title='bbox 415 1248 419 1256; x_wconf 93' lang='lat'><em>.</em></span> <span class='ocrx_word' id='word_1_104' title='bbox 473 1193 610 1275; x_wconf 77' lang='lat' dir='ltr'>Tullius(</span> <span class='ocrx_word' id='word_1_105' title='bbox 624 1200 658 1260; x_wconf 87' lang='lat' dir='ltr'>M</span> <span class='ocrx_word' id='word_1_106' title='bbox 670 1200 683 1276; x_wconf 87' lang='lat'><strong>&gt;</strong></span> <span class='ocrx_word' id='word_1_107' title='bbox 693 1244 703 1270; x_wconf 96' lang='lat'>,</span> <span class='ocrx_word' id='word_1_108' title='bbox 715 1220 785 1261; x_wconf 83' lang='lat' dir='ltr'>avus</span> <span class='ocrx_word' id='word_1_109' title='bbox 794 1202 962 1269; x_wconf 76' lang='lat' dir='ltr'>Ciceronis,</span> <span class='ocrx_word' id='word_1_110' title='bbox 973 1200 1098 1271; x_wconf 72' lang='lat' dir='ltr'>Qatur,</span> <span class='ocrx_word' id='word_1_111' title='bbox 1111 1204 1164 1281; x_wconf 90' lang='lat' dir='ltr'>qui</span> <span class='ocrx_word' id='word_1_112' title='bbox 1182 1202 1295 1262; x_wconf 90' lang='lat' dir='ltr'>restitit</span> <span class='ocrx_word' id='word_1_113' title='bbox 1304 1200 1453 1267; x_wconf 80' lang='lat' dir='ltr'>Gratidio,</span> <span class='ocrx_word' id='word_1_114' title='bbox 1474 1194 1582 1257; x_wconf 81' lang='lat' dir='ltr'>ferenti</span> 
     </span>
     <span class='ocr_line' id='line_1_12' title="bbox 424 1276 1579 1363; baseline 0 -26"><span class='ocrx_word' id='word_1_115' title='bbox 424 1276 517 1363; x_wconf 79' lang='lat' dir='ltr'>legent</span> <span class='ocrx_word' id='word_1_116' title='bbox 532 1277 707 1341; x_wconf 72' lang='lat' dir='ltr'>tabellarium</span> <span class='ocrx_word' id='word_1_117' title='bbox 717 1323 725 1348; x_wconf 85' lang='lat'><strong>.</strong></span> <span class='ocrx_word' id='word_1_118' title='bbox 736 1287 822 1361; x_wconf 78' lang='lat' dir='ltr'>cujus</span> <span class='ocrx_word' id='word_1_119' title='bbox 839 1300 919 1343; x_wconf 86' lang='lat' dir='ltr'>soror</span> <span class='ocrx_word' id='word_1_120' title='bbox 938 1298 998 1342; x_wconf 86' lang='lat' dir='ltr'>erat</span> <span class='ocrx_word' id='word_1_121' title='bbox 1017 1283 1260 1343; x_wconf 86' lang='lat' dir='ltr'>aviaCiceronis.</span> <span class='ocrx_word' id='word_1_122' title='bbox 1273 1284 1319 1342; x_wconf 91' lang='lat' dir='ltr'>lta</span> <span class='ocrx_word' id='word_1_123' title='bbox 1330 1282 1393 1341; x_wconf 74' lang='lat' dir='ltr'>cic.</span> <span class='ocrx_word' id='word_1_124' title='bbox 1407 1279 1427 1337; x_wconf 77' lang='lat' dir='ltr'>l,</span> <span class='ocrx_word' id='word_1_125' title='bbox 1438 1302 1465 1349; x_wconf 84' lang='lat'>3·</span> <span class='ocrx_word' id='word_1_126' title='bbox 1475 1281 1510 1337; x_wconf 79' lang='lat' dir='ltr'>de</span> <span class='ocrx_word' id='word_1_127' title='bbox 1522 1280 1579 1357; x_wconf 81' lang='lat' dir='ltr'>leg.</span> 
     </span>
     <span class='ocr_line' id='line_1_13' title="bbox 470 1357 1582 1444; baseline 0.002 -27"><span class='ocrx_word' id='word_1_128' title='bbox 470 1357 586 1417; x_wconf 82' lang='lat' dir='ltr'>Tullius</span> <span class='ocrx_word' id='word_1_129' title='bbox 600 1360 658 1436; x_wconf 89' lang='lat' dir='ltr'>(M</span> <span class='ocrx_word' id='word_1_130' title='bbox 673 1361 700 1437; x_wconf 89' lang='lat'>),</span> <span class='ocrx_word' id='word_1_131' title='bbox 712 1362 866 1423; x_wconf 84' lang='lat' dir='ltr'>Ciceronis</span> <span class='ocrx_word' id='word_1_132' title='bbox 886 1380 965 1444; x_wconf 88' lang='lat' dir='ltr'>pater</span> <span class='ocrx_word' id='word_1_133' title='bbox 978 1407 987 1431; x_wconf 93' lang='lat'>,</span> <span class='ocrx_word' id='word_1_134' title='bbox 1000 1364 1053 1443; x_wconf 89' lang='lat' dir='ltr'>qui</span> <span class='ocrx_word' id='word_1_135' title='bbox 1073 1359 1188 1421; x_wconf 87' lang='lat' dir='ltr'>infirma</span> <span class='ocrx_word' id='word_1_136' title='bbox 1209 1381 1277 1421; x_wconf 87' lang='lat' dir='ltr'>usus</span> <span class='ocrx_word' id='word_1_137' title='bbox 1301 1360 1469 1420; x_wconf 85' lang='lat' dir='ltr'>valetudine</span> <span class='ocrx_word' id='word_1_138' title='bbox 1481 1362 1515 1419; x_wconf 89' lang='lat' dir='ltr'>in</span> <span class='ocrx_word' id='word_1_139' title='bbox 1529 1364 1582 1419; x_wconf 82' lang='lat' dir='ltr'>Ar·</span> 
     </span>
     <span class='ocr_line' id='line_1_14' title="bbox 421 1438 1580 1526; baseline 0.002 -29"><span class='ocrx_word' id='word_1_140' title='bbox 421 1438 519 1521; x_wconf 85' lang='lat' dir='ltr'>pinati</span> <span class='ocrx_word' id='word_1_141' title='bbox 540 1440 610 1501; x_wconf 83' lang='lat' dir='ltr'>villa</span> <span class='ocrx_word' id='word_1_142' title='bbox 629 1458 752 1503; x_wconf 85' lang='lat' dir='ltr'>aetatem</span> <span class='ocrx_word' id='word_1_143' title='bbox 773 1444 889 1526; x_wconf 77' lang='lat' dir='ltr'>agitio</span> <span class='ocrx_word' id='word_1_144' title='bbox 909 1443 1035 1503; x_wconf 87' lang='lat' dir='ltr'>litteris.</span> <span class='ocrx_word' id='word_1_145' title='bbox 1058 1444 1185 1503; x_wconf 83' lang='lat' dir='ltr'>Uxorem</span> <span class='ocrx_word' id='word_1_146' title='bbox 1207 1440 1329 1518; x_wconf 73' lang='lat' dir='ltr'>habcbat</span> <span class='ocrx_word' id='word_1_147' title='bbox 1350 1442 1477 1521; x_wconf 86' lang='lat' dir='ltr'>Elpiam‚</span> <span class='ocrx_word' id='word_1_148' title='bbox 1498 1442 1580 1500; x_wconf 87' lang='lat' dir='ltr'>Cice·</span> 
     </span>
     <span class='ocr_line' id='line_1_15' title="bbox 375 1519 1577 1599; baseline -0.003 -18"><span class='ocrx_word' id='word_1_149' title='bbox 375 1538 379 1545; x_wconf 87' lang='lat'><strong>·</strong></span> <span class='ocrx_word' id='word_1_150' title='bbox 411 1521 504 1581; x_wconf 83' lang='lat' dir='ltr'>&#39;tonis</span> <span class='ocrx_word' id='word_1_151' title='bbox 522 1538 655 1591; x_wconf 86' lang='lat' dir='ltr'>matrem,</span> <span class='ocrx_word' id='word_1_152' title='bbox 669 1522 860 1594; x_wconf 88' lang='lat' dir='ltr'>nobilem‚et</span> <span class='ocrx_word' id='word_1_153' title='bbox 878 1523 1005 1585; x_wconf 79' lang='lat' dir='ltr'>diuitem</span> <span class='ocrx_word' id='word_1_154' title='bbox 1026 1519 1203 1586; x_wconf 85' lang='lat' dir='ltr'>foeminam.</span> <span class='ocrx_word' id='word_1_155' title='bbox 1226 1523 1305 1585; x_wconf 86' lang='lat' dir='ltr'>Vide</span> <span class='ocrx_word' id='word_1_156' title='bbox 1324 1524 1386 1583; x_wconf 88' lang='lat' dir='ltr'>Cic.</span> <span class='ocrx_word' id='word_1_157' title='bbox 1399 1522 1434 1579; x_wconf 85' lang='lat' dir='ltr'>de</span> <span class='ocrx_word' id='word_1_158' title='bbox 1443 1522 1504 1599; x_wconf 82' lang='lat' dir='ltr'>leg.</span> <span class='ocrx_word' id='word_1_159' title='bbox 1513 1522 1536 1579; x_wconf 85' lang='lat' dir='ltr'>l.</span> <span class='ocrx_word' id='word_1_160' title='bbox 1548 1538 1577 1578; x_wconf 84' lang='lat' dir='ltr'>a.</span> 
     </span>
     <span class='ocr_line' id='line_1_16' title="bbox 421 1599 758 1684; baseline 0.024 -23"><span class='ocrx_word' id='word_1_161' title='bbox 421 1599 509 1684; x_wconf 87' lang='lat' dir='ltr'>paulo</span> <span class='ocrx_word' id='word_1_162' title='bbox 582 1620 595 1661; x_wconf 95' lang='lat' dir='ltr'>t</span> <span class='ocrx_word' id='word_1_163' title='bbox 615 1604 758 1669; x_wconf 87' lang='lat' dir='ltr'>initium.</span> 
     </span>
     <span class='ocr_line' id='line_1_17' title="bbox 467 1679 1577 1763; baseline 0.005 -24"><span class='ocrx_word' id='word_1_164' title='bbox 467 1681 526 1739; x_wconf 87' lang='lat' dir='ltr'>Tul</span> <span class='ocrx_word' id='word_1_165' title='bbox 539 1682 603 1752; x_wconf 82' lang='lat' dir='ltr'>ius,</span> <span class='ocrx_word' id='word_1_166' title='bbox 624 1686 726 1746; x_wconf 83' lang='lat' dir='ltr'>Servus</span> <span class='ocrx_word' id='word_1_167' title='bbox 740 1731 747 1755; x_wconf 88' lang='lat'>,</span> <span class='ocrx_word' id='word_1_168' title='bbox 760 1703 791 1747; x_wconf 88' lang='lat' dir='ltr'>et</span> <span class='ocrx_word' id='word_1_169' title='bbox 809 1688 906 1748; x_wconf 83' lang='lat' dir='ltr'>Scriba</span> <span class='ocrx_word' id='word_1_170' title='bbox 925 1688 1096 1751; x_wconf 87' lang='lat' dir='ltr'>Ciceronis.</span> <span class='ocrx_word' id='word_1_171' title='bbox 1118 1691 1164 1749; x_wconf 89' lang='lat' dir='ltr'>De</span> <span class='ocrx_word' id='word_1_172' title='bbox 1183 1708 1218 1748; x_wconf 92' lang='lat' dir='ltr'>eo</span> <span class='ocrx_word' id='word_1_173' title='bbox 1238 1686 1270 1747; x_wconf 92' lang='lat' dir='ltr'>in</span> <span class='ocrx_word' id='word_1_174' title='bbox 1292 1686 1384 1763; x_wconf 80' lang='lat' dir='ltr'>Epist.</span> <span class='ocrx_word' id='word_1_175' title='bbox 1404 1685 1444 1742; x_wconf 81' lang='lat' dir='ltr'>ad</span> <span class='ocrx_word' id='word_1_176' title='bbox 1464 1679 1577 1761; x_wconf 77' lang='lat' dir='ltr'>Rufum</span> 
     </span>
    </p>
   </div>
   <div class='ocr_carea' id='block_1_4' title="bbox 413 1760 1656 1847">
    <p class='ocr_par' dir='ltr' id='par_1_4' title="bbox 413 1760 1656 1847">
     <span class='ocr_line' id='line_1_18' title="bbox 413 1760 1656 1847; baseline 0 -24"><span class='ocrx_word' id='word_1_177' title='bbox 413 1760 444 1823; x_wconf 72' lang='lat' dir='ltr'>l.</span> <span class='ocrx_word' id='word_1_178' title='bbox 458 1776 485 1825; x_wconf 78' lang='lat' dir='ltr'>i.</span> <span class='ocrx_word' id='word_1_179' title='bbox 500 1760 603 1823; x_wconf 69' lang='lat' dir='ltr'>fanu.</span> <span class='ocrx_word' id='word_1_180' title='bbox 616 1765 786 1827; x_wconf 81' lang='lat' dir='ltr'>Ciceronis.</span> <span class='ocrx_word' id='word_1_181' title='bbox 807 1771 941 1829; x_wconf 84' lang='lat' dir='ltr'>Forsitan</span> <span class='ocrx_word' id='word_1_182' title='bbox 948 1768 1011 1831; x_wconf 70' lang='lat' dir='ltr'>&#39;bic</span> <span class='ocrx_word' id='word_1_183' title='bbox 1030 1786 1107 1838; x_wconf 87' lang='lat' dir='ltr'>erat,</span> <span class='ocrx_word' id='word_1_184' title='bbox 1117 1768 1164 1832; x_wconf 81' lang='lat' dir='ltr'>vel</span> <span class='ocrx_word' id='word_1_185' title='bbox 1177 1772 1307 1838; x_wconf 81' lang='lat' dir='ltr'>Laurea,</span> <span class='ocrx_word' id='word_1_186' title='bbox 1321 1768 1365 1827; x_wconf 84' lang='lat' dir='ltr'>rel</span> <span class='ocrx_word' id='word_1_187' title='bbox 1375 1767 1460 1831; x_wconf 85' lang='lat' dir='ltr'>Tiro,</span> <span class='ocrx_word' id='word_1_188' title='bbox 1474 1784 1577 1847; x_wconf 87' lang='lat' dir='ltr'>postca</span> <span class='ocrx_word' id='word_1_189' title='bbox 1649 1809 1656 1818; x_wconf 18' lang='grc' dir='ltr'>,ι</span> 
     </span>
    </p>
   </div>
   <div class='ocr_carea' id='block_1_5' title="bbox 421 1842 1574 2010">
    <p class='ocr_par' dir='ltr' id='par_1_5' title="bbox 421 1842 1574 2010">
     <span class='ocr_line' id='line_1_19' title="bbox 421 1842 1007 1918; baseline 0.014 -15"><span class='ocrx_word' id='word_1_190' title='bbox 421 1842 467 1903; x_wconf 88' lang='lat' dir='ltr'>li.</span> <span class='ocrx_word' id='word_1_191' title='bbox 495 1843 521 1903; x_wconf 87' lang='lat' dir='ltr'>ti</span> <span class='ocrx_word' id='word_1_192' title='bbox 541 1842 702 1918; x_wconf 86' lang='lat' dir='ltr'>Ciceronis,</span> <span class='ocrx_word' id='word_1_193' title='bbox 713 1847 810 1909; x_wconf 89' lang='lat' dir='ltr'>eidem</span> <span class='ocrx_word' id='word_1_194' title='bbox 832 1850 914 1911; x_wconf 79' lang='lat' dir='ltr'>valde</span> <span class='ocrx_word' id='word_1_195' title='bbox 933 1852 1007 1911; x_wconf 84' lang='lat' dir='ltr'>cari.</span> 
     </span>
     <span class='ocr_line' id='line_1_20' title="bbox 492 1925 1574 2010; baseline -0.007 -19"><span class='ocrx_word' id='word_1_196' title='bbox 492 1992 495 1999; x_wconf 85' lang='grc'><em>,</em></span> <span class='ocrx_word' id='word_1_197' title='bbox 512 1925 581 1983; x_wconf 77' lang='lat' dir='ltr'>llius</span> <span class='ocrx_word' id='word_1_198' title='bbox 600 1926 659 2001; x_wconf 80' lang='lat' dir='ltr'>(M</span> <span class='ocrx_word' id='word_1_199' title='bbox 668 1930 705 2006; x_wconf 84' lang='lat'>),</span> <span class='ocrx_word' id='word_1_200' title='bbox 719 1930 846 1995; x_wconf 82' lang='lat' dir='ltr'>Orator,</span> <span class='ocrx_word' id='word_1_201' title='bbox 860 1935 943 2010; x_wconf 90' lang='lat' dir='ltr'>cujus</span> <span class='ocrx_word' id='word_1_202' title='bbox 963 1930 1103 1990; x_wconf 87' lang='lat' dir='ltr'>meminit</span> <span class='ocrx_word' id='word_1_203' title='bbox 1123 1931 1226 1991; x_wconf 89' lang='lat' dir='ltr'>Cicero</span> <span class='ocrx_word' id='word_1_204' title='bbox 1247 1930 1338 2004; x_wconf 80' lang='lat' dir='ltr'>Epist.</span> <span class='ocrx_word' id='word_1_205' title='bbox 1354 1951 1379 1997; x_wconf 83' lang='lat'>3.</span> <span class='ocrx_word' id='word_1_206' title='bbox 1394 1929 1456 1986; x_wconf 76' lang='lat' dir='ltr'>Le.</span> <span class='ocrx_word' id='word_1_207' title='bbox 1480 1926 1521 1983; x_wconf 71' lang='lat' dir='ltr'>ad</span> <span class='ocrx_word' id='word_1_208' title='bbox 1531 1925 1574 2003; x_wconf 83' lang='lat' dir='ltr'>Q.</span> 
     </span>
    </p>
   </div>
   <div class='ocr_carea' id='block_1_6' title="bbox 419 2002 1656 2091">
    <p class='ocr_par' dir='ltr' id='par_1_6' title="bbox 419 2002 1656 2091">
     <span class='ocr_line' id='line_1_21' title="bbox 419 2002 1656 2091; baseline -0.001 -26"><span class='ocrx_word' id='word_1_209' title='bbox 419 2002 563 2065; x_wconf 73' lang='lat' dir='ltr'>fratros.</span> <span class='ocrx_word' id='word_1_210' title='bbox 579 2009 736 2069; x_wconf 75' lang='lat' dir='ltr'>Accusavit</span> <span class='ocrx_word' id='word_1_211' title='bbox 755 2010 881 2070; x_wconf 86' lang='lat' dir='ltr'>Sestium</span> <span class='ocrx_word' id='word_1_212' title='bbox 902 2011 938 2070; x_wconf 91' lang='lat' dir='ltr'>de</span> <span class='ocrx_word' id='word_1_213' title='bbox 958 2012 1069 2091; x_wconf 82' lang='lat' dir='ltr'>vi,qui</span> <span class='ocrx_word' id='word_1_214' title='bbox 1089 2009 1224 2073; x_wconf 79' lang='lat' dir='ltr'>defensus</span> <span class='ocrx_word' id='word_1_215' title='bbox 1244 2008 1302 2070; x_wconf 86' lang='lat' dir='ltr'>fuit</span> <span class='ocrx_word' id='word_1_216' title='bbox 1320 2010 1390 2071; x_wconf 86' lang='lat' dir='ltr'>aM.</span> <span class='ocrx_word' id='word_1_217' title='bbox 1406 2007 1512 2067; x_wconf 83' lang='lat' dir='ltr'>Tullio</span> <span class='ocrx_word' id='word_1_218' title='bbox 1526 2006 1575 2067; x_wconf 82' lang='lat' dir='ltr'>ei·</span> <span class='ocrx_word' id='word_1_219' title='bbox 1655 2025 1656 2028; x_wconf 45' lang='lat'>¹</span> 
     </span>
    </p>
   </div>
   <div class='ocr_carea' id='block_1_7' title="bbox 405 2089 1577 2660">
    <p class='ocr_par' dir='ltr' id='par_1_7' title="bbox 419 2089 1167 2153">
     <span class='ocr_line' id='line_1_22' title="bbox 419 2089 1167 2153; baseline 0.005 -6"><span class='ocrx_word' id='word_1_220' title='bbox 419 2100 544 2147; x_wconf 80' lang='lat' dir='ltr'>cetone.</span> <span class='ocrx_word' id='word_1_221' title='bbox 566 2089 750 2150; x_wconf 72' lang='lat' dir='ltr'>Accusatoris</span> <span class='ocrx_word' id='word_1_222' title='bbox 769 2090 817 2149; x_wconf 90' lang='lat' dir='ltr'>M.</span> <span class='ocrx_word' id='word_1_223' title='bbox 843 2090 935 2150; x_wconf 87' lang='lat' dir='ltr'>Tullii</span> <span class='ocrx_word' id='word_1_224' title='bbox 955 2092 1055 2151; x_wconf 84' lang='lat' dir='ltr'>Oratio</span> <span class='ocrx_word' id='word_1_225' title='bbox 1073 2092 1167 2153; x_wconf 86' lang='lat' dir='ltr'>desid.</span> 
     </span>
    </p>

    <p class='ocr_par' dir='ltr' id='par_1_8' title="bbox 418 2164 1577 2312">
     <span class='ocr_line' id='line_1_23' title="bbox 466 2164 1577 2255; baseline 0.005 -33"><span class='ocrx_word' id='word_1_226' title='bbox 466 2164 597 2237; x_wconf 79' lang='lat' dir='ltr'>Tullius,</span> <span class='ocrx_word' id='word_1_227' title='bbox 618 2172 736 2230; x_wconf 89' lang='lat' dir='ltr'>Cimber</span> <span class='ocrx_word' id='word_1_228' title='bbox 767 2169 899 2243; x_wconf 85' lang='lat' dir='ltr'>Rhetor,</span> <span class='ocrx_word' id='word_1_229' title='bbox 919 2172 954 2233; x_wconf 92' lang='lat' dir='ltr'>in</span> <span class='ocrx_word' id='word_1_230' title='bbox 973 2192 1060 2255; x_wconf 89' lang='lat' dir='ltr'>quem</span> <span class='ocrx_word' id='word_1_231' title='bbox 1091 2190 1161 2234; x_wconf 90' lang='lat' dir='ltr'>sunt</span> <span class='ocrx_word' id='word_1_232' title='bbox 1187 2174 1338 2234; x_wconf 72' lang='lat' dir='ltr'>&amp;montes</span> <span class='ocrx_word' id='word_1_233' title='bbox 1363 2171 1397 2230; x_wconf 91' lang='lat' dir='ltr'>in</span> <span class='ocrx_word' id='word_1_234' title='bbox 1420 2168 1577 2228; x_wconf 84' lang='lat' dir='ltr'>Catalectis</span> 
     </span>
     <span class='ocr_line' id='line_1_24' title="bbox 418 2252 1290 2312; baseline 0.001 -5"><span class='ocrx_word' id='word_1_235' title='bbox 418 2264 548 2307; x_wconf 74' lang='lat' dir='ltr'>veretum</span> <span class='ocrx_word' id='word_1_236' title='bbox 570 2252 746 2312; x_wconf 88' lang='lat' dir='ltr'>Poetarum.</span> <span class='ocrx_word' id='word_1_237' title='bbox 1285 2286 1290 2300; x_wconf 54' lang='grc' dir='ltr'>ι</span> 
     </span>
    </p>

    <p class='ocr_par' dir='ltr' id='par_1_9' title="bbox 405 2326 1575 2660">
     <span class='ocr_line' id='line_1_25' title="bbox 466 2326 1575 2415; baseline 0.005 -30"><span class='ocrx_word' id='word_1_238' title='bbox 466 2326 581 2387; x_wconf 84' lang='lat' dir='ltr'>Tuliins</span> <span class='ocrx_word' id='word_1_239' title='bbox 601 2332 780 2410; x_wconf 77' lang='lat' dir='ltr'>(Servius),</span> <span class='ocrx_word' id='word_1_240' title='bbox 800 2350 899 2396; x_wconf 82' lang='lat' dir='ltr'>sextus</span> <span class='ocrx_word' id='word_1_241' title='bbox 918 2336 1095 2405; x_wconf 77' lang='lat' dir='ltr'>Romiiex,</span> <span class='ocrx_word' id='word_1_242' title='bbox 1116 2333 1210 2405; x_wconf 88' lang='lat' dir='ltr'>belli,</span> <span class='ocrx_word' id='word_1_243' title='bbox 1231 2352 1261 2394; x_wconf 91' lang='lat' dir='ltr'>et</span> <span class='ocrx_word' id='word_1_244' title='bbox 1281 2334 1359 2415; x_wconf 83' lang='lat' dir='ltr'>pacis</span> <span class='ocrx_word' id='word_1_245' title='bbox 1381 2330 1493 2391; x_wconf 83' lang='lat' dir='ltr'>artibus</span> <span class='ocrx_word' id='word_1_246' title='bbox 1520 2331 1575 2391; x_wconf 87' lang='lat' dir='ltr'>cla·</span> 
     </span>
     <span class='ocr_line' id='line_1_26' title="bbox 405 2410 1571 2498; baseline -0.008 -19"><span class='ocrx_word' id='word_1_247' title='bbox 405 2410 621 2479; x_wconf 75' lang='lat' dir='ltr'>&#39;¹1¹³·.1⁵·tum</span> <span class='ocrx_word' id='word_1_248' title='bbox 645 2433 693 2484; x_wconf 89' lang='grc'>44.</span> <span class='ocrx_word' id='word_1_249' title='bbox 714 2432 760 2473; x_wconf 88' lang='lat' dir='ltr'>an.</span> <span class='ocrx_word' id='word_1_250' title='bbox 780 2433 962 2498; x_wconf 64' lang='lat' dir='ltr'>regnassent</span> <span class='ocrx_word' id='word_1_251' title='bbox 981 2417 1145 2498; x_wconf 77' lang='lat' dir='ltr'>Tarquinio</span> <span class='ocrx_word' id='word_1_252' title='bbox 1155 2416 1291 2498; x_wconf 84' lang='lat' dir='ltr'>Superbo,</span> <span class='ocrx_word' id='word_1_253' title='bbox 1312 2420 1374 2494; x_wconf 87' lang='lat' dir='ltr'>ejus</span> <span class='ocrx_word' id='word_1_254' title='bbox 1393 2414 1571 2479; x_wconf 89' lang='lat' dir='ltr'>successore,</span> 
     </span>
     <span class='ocr_line' id='line_1_27' title="bbox 417 2490 1572 2576; baseline -0.007 -18"><span class='ocrx_word' id='word_1_255' title='bbox 417 2506 449 2547; x_wconf 89' lang='lat' dir='ltr'>et</span> <span class='ocrx_word' id='word_1_256' title='bbox 468 2507 574 2569; x_wconf 60' lang='lat' dir='ltr'>genem</span> <span class='ocrx_word' id='word_1_257' title='bbox 593 2494 704 2564; x_wconf 67' lang='lat' dir='ltr'>Occisus,</span> <span class='ocrx_word' id='word_1_258' title='bbox 724 2490 801 2553; x_wconf 86' lang='lat' dir='ltr'>fuit.</span> <span class='ocrx_word' id='word_1_259' title='bbox 822 2498 949 2576; x_wconf 88' lang='lat' dir='ltr'>Operam</span> <span class='ocrx_word' id='word_1_260' title='bbox 970 2490 1055 2557; x_wconf 86' lang='lat' dir='ltr'>dedit</span> <span class='ocrx_word' id='word_1_261' title='bbox 1074 2497 1173 2558; x_wconf 89' lang='lat' dir='ltr'>studio</span> <span class='ocrx_word' id='word_1_262' title='bbox 1193 2496 1438 2559; x_wconf 74' lang='lat' dir='ltr'>Joriscivilrnre</span> <span class='ocrx_word' id='word_1_263' title='bbox 1451 2496 1489 2554; x_wconf 91' lang='lat' dir='ltr'>de</span> <span class='ocrx_word' id='word_1_264' title='bbox 1503 2495 1572 2553; x_wconf 85' lang='lat' dir='ltr'>Coo·</span> 
     </span>
     <span class='ocr_line' id='line_1_28' title="bbox 416 2568 1570 2660; baseline 0.006 -36"><span class='ocrx_word' id='word_1_265' title='bbox 416 2568 577 2639; x_wconf 70' lang='lat' dir='ltr'>traceibas,</span> <span class='ocrx_word' id='word_1_266' title='bbox 597 2589 624 2630; x_wconf 86' lang='lat' dir='ltr'>et</span> <span class='ocrx_word' id='word_1_267' title='bbox 644 2573 769 2632; x_wconf 84' lang='lat' dir='ltr'>Delictis</span> <span class='ocrx_word' id='word_1_268' title='bbox 796 2580 927 2654; x_wconf 73' lang='lat' dir='ltr'>5o&#39;.leger</span> <span class='ocrx_word' id='word_1_269' title='bbox 946 2580 1081 2660; x_wconf 77' lang='lat' dir='ltr'>rogavit.</span> <span class='ocrx_word' id='word_1_270' title='bbox 1103 2581 1179 2638; x_wconf 85' lang='lat' dir='ltr'>item</span> <span class='ocrx_word' id='word_1_271' title='bbox 1201 2576 1236 2637; x_wconf 91' lang='lat' dir='ltr'>de</span> <span class='ocrx_word' id='word_1_272' title='bbox 1257 2574 1400 2643; x_wconf 72' lang='lat' dir='ltr'>Foenore,</span> <span class='ocrx_word' id='word_1_273' title='bbox 1415 2576 1451 2636; x_wconf 80' lang='lat' dir='ltr'>dr</span> <span class='ocrx_word' id='word_1_274' title='bbox 1463 2575 1570 2642; x_wconf 72' lang='lat' dir='ltr'>Nescis,</span> 
     </span>
    </p>
   </div>
   <div class='ocr_carea' id='block_1_8' title="bbox 400 2649 1655 2904">
    <p class='ocr_par' dir='ltr' id='par_1_10' title="bbox 400 2649 1655 2904">
     <span class='ocr_line' id='line_1_29' title="bbox 414 2649 1655 2729; baseline 0.004 -20"><span class='ocrx_word' id='word_1_275' title='bbox 414 2649 452 2709; x_wconf 87' lang='lat' dir='ltr'>de</span> <span class='ocrx_word' id='word_1_276' title='bbox 473 2650 546 2709; x_wconf 83' lang='lat' dir='ltr'>Aere</span> <span class='ocrx_word' id='word_1_277' title='bbox 565 2652 674 2715; x_wconf 81' lang='lat' dir='ltr'>alieno.</span> <span class='ocrx_word' id='word_1_278' title='bbox 696 2657 741 2715; x_wconf 88' lang='lat' dir='ltr'>lta</span> <span class='ocrx_word' id='word_1_279' title='bbox 753 2657 845 2717; x_wconf 88' lang='lat' dir='ltr'>Dion.</span> <span class='ocrx_word' id='word_1_280' title='bbox 859 2660 953 2719; x_wconf 86' lang='lat' dir='ltr'>Halic.</span> <span class='ocrx_word' id='word_1_281' title='bbox 966 2658 987 2717; x_wconf 85' lang='lat' dir='ltr'>l.</span> <span class='ocrx_word' id='word_1_282' title='bbox 999 2684 1028 2729; x_wconf 65' lang='lat' dir='ltr'>a„</span> <span class='ocrx_word' id='word_1_283' title='bbox 1042 2658 1112 2717; x_wconf 79' lang='lat' dir='ltr'>Ant.</span> <span class='ocrx_word' id='word_1_284' title='bbox 1125 2660 1209 2718; x_wconf 83' lang='lat' dir='ltr'>Rom.</span> <span class='ocrx_word' id='word_1_285' title='bbox 1222 2658 1392 2717; x_wconf 82' lang='lat' dir='ltr'>Verisimile</span> <span class='ocrx_word' id='word_1_286' title='bbox 1404 2676 1459 2720; x_wconf 84' lang='lat' dir='ltr'>est,</span> <span class='ocrx_word' id='word_1_287' title='bbox 1470 2678 1504 2715; x_wconf 81' lang='lat' dir='ltr'>cn</span> <span class='ocrx_word' id='word_1_288' title='bbox 1523 2654 1569 2713; x_wconf 87' lang='lat' dir='ltr'>his</span> <span class='ocrx_word' id='word_1_289' title='bbox 1654 2705 1655 2726; x_wconf 27' lang='grc' dir='ltr'>ι</span> 
     </span>
     <span class='ocr_line' id='line_1_30' title="bbox 411 2731 1655 2817; baseline 0.004 -26"><span class='ocrx_word' id='word_1_290' title='bbox 411 2731 572 2791; x_wconf 71' lang='lat' dir='ltr'>nonnullae</span> <span class='ocrx_word' id='word_1_291' title='bbox 590 2734 691 2794; x_wconf 89' lang='lat' dir='ltr'>saltem</span> <span class='ocrx_word' id='word_1_292' title='bbox 711 2736 790 2795; x_wconf 77' lang='lat' dir='ltr'>inter</span> <span class='ocrx_word' id='word_1_293' title='bbox 808 2738 887 2816; x_wconf 81' lang='lat' dir='ltr'>leges</span> <span class='ocrx_word' id='word_1_294' title='bbox 909 2760 954 2798; x_wconf 84' lang='lat' dir='ltr'>ra.</span> <span class='ocrx_word' id='word_1_295' title='bbox 974 2739 1077 2799; x_wconf 80' lang='lat' dir='ltr'>Tabul.</span> <span class='ocrx_word' id='word_1_296' title='bbox 1090 2741 1237 2800; x_wconf 80' lang='lat' dir='ltr'>inveniri.</span> <span class='ocrx_word' id='word_1_297' title='bbox 1259 2739 1423 2799; x_wconf 87' lang='lat' dir='ltr'>Multorum</span> <span class='ocrx_word' id='word_1_298' title='bbox 1436 2757 1565 2817; x_wconf 87' lang='lat' dir='ltr'>numque</span> <span class='ocrx_word' id='word_1_299' title='bbox 1654 2767 1655 2788; x_wconf 56' lang='grc' dir='ltr'>ι</span> 
     </span>
     <span class='ocr_line' id='line_1_31' title="bbox 400 2812 1655 2904; baseline 0.002 -30"><span class='ocrx_word' id='word_1_300' title='bbox 400 2812 689 2878; x_wconf 52' lang='lat' dir='ltr'>iurisconsultorum</span> <span class='ocrx_word' id='word_1_301' title='bbox 710 2814 764 2879; x_wconf 85' lang='lat' dir='ltr'>fert</span> <span class='ocrx_word' id='word_1_302' title='bbox 785 2821 915 2899; x_wconf 91' lang='lat' dir='ltr'>opinio,</span> <span class='ocrx_word' id='word_1_303' title='bbox 936 2821 1012 2902; x_wconf 75' lang='lat' dir='ltr'>leges</span> <span class='ocrx_word' id='word_1_304' title='bbox 1031 2822 1153 2904; x_wconf 83' lang='lat' dir='ltr'>Regias,</span> <span class='ocrx_word' id='word_1_305' title='bbox 1174 2840 1246 2902; x_wconf 87' lang='lat' dir='ltr'>quac</span> <span class='ocrx_word' id='word_1_306' title='bbox 1268 2822 1301 2878; x_wconf 90' lang='lat' dir='ltr'>in</span> <span class='ocrx_word' id='word_1_307' title='bbox 1321 2822 1386 2879; x_wconf 89' lang='lat' dir='ltr'>lure</span> <span class='ocrx_word' id='word_1_308' title='bbox 1398 2820 1567 2899; x_wconf 85' lang='lat' dir='ltr'>Papyriono</span> <span class='ocrx_word' id='word_1_309' title='bbox 1654 2883 1655 2892; x_wconf 17' lang='lat' dir='ltr'>p</span> 
     </span>
    </p>
   </div>
   <div class='ocr_carea' id='block_1_9' title="bbox 411 2893 1572 2981">
    <p class='ocr_par' dir='ltr' id='par_1_11' title="bbox 411 2893 1572 2981">
     <span class='ocr_line' id='line_1_32' title="bbox 411 2893 1572 2981; baseline 0.005 -30"><span class='ocrx_word' id='word_1_310' title='bbox 411 2893 547 2954; x_wconf 82' lang='lat' dir='ltr'>collectae</span> <span class='ocrx_word' id='word_1_311' title='bbox 566 2914 665 2966; x_wconf 86' lang='lat' dir='ltr'>crant,</span> <span class='ocrx_word' id='word_1_312' title='bbox 685 2914 715 2957; x_wconf 89' lang='lat' dir='ltr'>et</span> <span class='ocrx_word' id='word_1_313' title='bbox 736 2900 769 2956; x_wconf 88' lang='lat' dir='ltr'>in</span> <span class='ocrx_word' id='word_1_314' title='bbox 790 2918 883 2959; x_wconf 91' lang='lat' dir='ltr'>unum</span> <span class='ocrx_word' id='word_1_315' title='bbox 905 2903 982 2975; x_wconf 80' lang='lat' dir='ltr'>luris</span> <span class='ocrx_word' id='word_1_316' title='bbox 1000 2922 1103 2981; x_wconf 90' lang='lat' dir='ltr'>corpus</span> <span class='ocrx_word' id='word_1_317' title='bbox 1123 2902 1273 2968; x_wconf 79' lang='lat' dir='ltr'>redactae,</span> <span class='ocrx_word' id='word_1_318' title='bbox 1287 2919 1348 2959; x_wconf 92' lang='lat' dir='ltr'>non</span> <span class='ocrx_word' id='word_1_319' title='bbox 1370 2920 1475 2958; x_wconf 89' lang='lat' dir='ltr'>omnes</span> <span class='ocrx_word' id='word_1_320' title='bbox 1500 2898 1572 2958; x_wconf 86' lang='lat' dir='ltr'>abo·</span> 
     </span>
    </p>
   </div>
   <div class='ocr_carea' id='block_1_10' title="bbox 408 2970 1655 3074">
    <p class='ocr_par' dir='ltr' id='par_1_12' title="bbox 408 2970 1655 3074">
     <span class='ocr_line' id='line_1_33' title="bbox 408 2970 1655 3074; baseline 0.003 -41"><span class='ocrx_word' id='word_1_321' title='bbox 408 2970 497 3044; x_wconf 78' lang='lat' dir='ltr'>iiras.</span> <span class='ocrx_word' id='word_1_322' title='bbox 514 2978 619 3053; x_wconf 77' lang='lat' dir='ltr'>¹ejectis</span> <span class='ocrx_word' id='word_1_323' title='bbox 638 2978 788 3060; x_wconf 63' lang='lat' dir='ltr'>Regibus.</span> <span class='ocrx_word' id='word_1_324' title='bbox 808 2982 859 3049; x_wconf 86' lang='lat' dir='ltr'>sed</span> <span class='ocrx_word' id='word_1_325' title='bbox 880 2982 976 3061; x_wconf 85' lang='lat' dir='ltr'>plures</span> <span class='ocrx_word' id='word_1_326' title='bbox 993 2982 1030 3041; x_wconf 87' lang='lat' dir='ltr'>ab</span> <span class='ocrx_word' id='word_1_327' title='bbox 1050 2984 1150 3074; x_wconf 84' lang='lat' dir='ltr'>Appio</span> <span class='ocrx_word' id='word_1_328' title='bbox 1171 2982 1318 3050; x_wconf 88' lang='lat' dir='ltr'>Claudio,</span> <span class='ocrx_word' id='word_1_329' title='bbox 1341 2999 1370 3040; x_wconf 89' lang='lat' dir='ltr'>et</span> <span class='ocrx_word' id='word_1_330' title='bbox 1390 2982 1570 3042; x_wconf 79' lang='lat' dir='ltr'>Coruncanio</span> <span class='ocrx_word' id='word_1_331' title='bbox 1654 2987 1655 2990; x_wconf 76' lang='grc'>’</span> 
     </span>
    </p>
   </div>
   <div class='ocr_carea' id='block_1_11' title="bbox 397 3052 1655 3139">
    <p class='ocr_par' dir='ltr' id='par_1_13' title="bbox 397 3052 1655 3139">
     <span class='ocr_line' id='line_1_34' title="bbox 397 3052 1655 3139; baseline 0.002 -23"><span class='ocrx_word' id='word_1_332' title='bbox 397 3055 446 3119; x_wconf 75' lang='lat' dir='ltr'>rin</span> <span class='ocrx_word' id='word_1_333' title='bbox 469 3072 514 3113; x_wconf 87' lang='lat' dir='ltr'>aa.</span> <span class='ocrx_word' id='word_1_334' title='bbox 533 3052 660 3118; x_wconf 79' lang='lat' dir='ltr'>Tabulas</span> <span class='ocrx_word' id='word_1_335' title='bbox 680 3062 802 3120; x_wconf 85' lang='lat' dir='ltr'>insertas</span> <span class='ocrx_word' id='word_1_336' title='bbox 822 3057 930 3122; x_wconf 84' lang='lat' dir='ltr'>fuisse.</span> <span class='ocrx_word' id='word_1_337' title='bbox 951 3064 997 3121; x_wconf 90' lang='lat' dir='ltr'>De</span> <span class='ocrx_word' id='word_1_338' title='bbox 1016 3060 1115 3121; x_wconf 82' lang='lat' dir='ltr'>Serota</span> <span class='ocrx_word' id='word_1_339' title='bbox 1140 3062 1238 3120; x_wconf 85' lang='lat' dir='ltr'>Tullio</span> <span class='ocrx_word' id='word_1_340' title='bbox 1258 3065 1300 3121; x_wconf 85' lang='lat' dir='ltr'>air</span> <span class='ocrx_word' id='word_1_341' title='bbox 1320 3064 1452 3139; x_wconf 76' lang='lat' dir='ltr'>Dionys·</span> <span class='ocrx_word' id='word_1_342' title='bbox 1470 3061 1568 3120; x_wconf 86' lang='lat' dir='ltr'>Hulic.</span> <span class='ocrx_word' id='word_1_343' title='bbox 1654 3089 1655 3094; x_wconf 23' lang='grc' dir='ltr'>ι</span> 
     </span>
    </p>
   </div>
   <div class='ocr_carea' id='block_1_12' title="bbox 410 3134 1571 3382">
    <p class='ocr_par' dir='ltr' id='par_1_14' title="bbox 410 3134 1571 3382">
     <span class='ocr_line' id='line_1_35' title="bbox 412 3134 1571 3223; baseline 0.004 -28"><span class='ocrx_word' id='word_1_344' title='bbox 412 3134 462 3195; x_wconf 80' lang='lat' dir='ltr'>lib.</span> <span class='ocrx_word' id='word_1_345' title='bbox 474 3135 643 3207; x_wconf 55' lang='lat' dir='ltr'>sortibus,</span> <span class='ocrx_word' id='word_1_346' title='bbox 664 3159 695 3199; x_wconf 86' lang='lat' dir='ltr'>er</span> <span class='ocrx_word' id='word_1_347' title='bbox 715 3139 883 3222; x_wconf 85' lang='lat' dir='ltr'>disciplinis</span> <span class='ocrx_word' id='word_1_348' title='bbox 903 3138 990 3220; x_wconf 74' lang='lat' dir='ltr'>fuisse</span> <span class='ocrx_word' id='word_1_349' title='bbox 1010 3142 1157 3203; x_wconf 82' lang='lat' dir='ltr'>eruditum</span> <span class='ocrx_word' id='word_1_350' title='bbox 1178 3143 1408 3223; x_wconf 80' lang='lat' dir='ltr'>curaTanaquil</span> <span class='ocrx_word' id='word_1_351' title='bbox 1425 3160 1477 3209; x_wconf 88' lang='lat' dir='ltr'>,et</span> <span class='ocrx_word' id='word_1_352' title='bbox 1500 3144 1571 3200; x_wconf 85' lang='lat' dir='ltr'>Tar·</span> 
     </span>
     <span class='ocr_line' id='line_1_36' title="bbox 410 3215 1570 3356; baseline 0.008 -85"><span class='ocrx_word' id='word_1_353' title='bbox 410 3215 512 3356; x_wconf 47' lang='lat' dir='ltr'>§plinii</span> <span class='ocrx_word' id='word_1_354' title='bbox 525 3218 632 3286; x_wconf 84' lang='lat' dir='ltr'>Prisci,</span> <span class='ocrx_word' id='word_1_355' title='bbox 645 3219 696 3297; x_wconf 85' lang='lat' dir='ltr'>qui</span> <span class='ocrx_word' id='word_1_356' title='bbox 717 3240 784 3280; x_wconf 88' lang='lat' dir='ltr'>curn</span> <span class='ocrx_word' id='word_1_357' title='bbox 805 3219 861 3281; x_wconf 89' lang='lat' dir='ltr'>filii</span> <span class='ocrx_word' id='word_1_358' title='bbox 881 3222 944 3283; x_wconf 88' lang='lat' dir='ltr'>loco</span> <span class='ocrx_word' id='word_1_359' title='bbox 966 3222 1144 3293; x_wconf 87' lang='lat' dir='ltr'>habuerunt,</span> <span class='ocrx_word' id='word_1_360' title='bbox 1158 3242 1188 3284; x_wconf 89' lang='lat' dir='ltr'>et</span> <span class='ocrx_word' id='word_1_361' title='bbox 1207 3229 1269 3301; x_wconf 77' lang='lat' dir='ltr'>ejus</span> <span class='ocrx_word' id='word_1_362' title='bbox 1280 3224 1403 3309; x_wconf 79' lang='lat' dir='ltr'>ingenio</span> <span class='ocrx_word' id='word_1_363' title='bbox 1418 3222 1570 3290; x_wconf 85' lang='lat' dir='ltr'>delectati,</span> 
     </span>
     <span class='ocr_line' id='line_1_37' title="bbox 450 3299 1569 3382; baseline 0.004 -27"><span class='ocrx_word' id='word_1_364' title='bbox 450 3314 603 3357; x_wconf 79' lang='lat' dir='ltr'>ccesrorem</span> <span class='ocrx_word' id='word_1_365' title='bbox 612 3299 645 3356; x_wconf 91' lang='lat' dir='ltr'>iu</span> <span class='ocrx_word' id='word_1_366' title='bbox 658 3318 777 3382; x_wconf 81' lang='lat' dir='ltr'>regnum</span> <span class='ocrx_word' id='word_1_367' title='bbox 792 3303 959 3363; x_wconf 76' lang='lat' dir='ltr'>voluerunt.</span> <span class='ocrx_word' id='word_1_368' title='bbox 968 3308 1002 3364; x_wconf 83' lang='lat' dir='ltr'>T.</span> <span class='ocrx_word' id='word_1_369' title='bbox 1013 3304 1115 3365; x_wconf 85' lang='lat' dir='ltr'>Livius</span> <span class='ocrx_word' id='word_1_370' title='bbox 1123 3302 1220 3365; x_wconf 83' lang='lat' dir='ltr'>iufine</span> <span class='ocrx_word' id='word_1_371' title='bbox 1228 3307 1247 3363; x_wconf 88' lang='lat' dir='ltr'>l.</span> <span class='ocrx_word' id='word_1_372' title='bbox 1259 3326 1283 3363; x_wconf 87' lang='grc' dir='ltr'>ι.</span> <span class='ocrx_word' id='word_1_373' title='bbox 1292 3302 1569 3377; x_wconf 79' lang='lat' dir='ltr'>citarServiiTullii</span> 
     </span>
    </p>
   </div>
   <div class='ocr_carea' id='block_1_13' title="bbox 407 3374 1655 3712">
    <p class='ocr_par' dir='ltr' id='par_1_15' title="bbox 408 3374 1654 3629">
     <span class='ocr_line' id='line_1_38' title="bbox 411 3374 1654 3461; baseline 0.006 -26"><span class='ocrx_word' id='word_1_374' title='bbox 411 3374 657 3445; x_wconf 84' lang='lat' dir='ltr'>Commentarios,</span> <span class='ocrx_word' id='word_1_375' title='bbox 666 3383 717 3461; x_wconf 90' lang='lat' dir='ltr'>qui</span> <span class='ocrx_word' id='word_1_376' title='bbox 731 3382 823 3443; x_wconf 86' lang='lat' dir='ltr'>desid.</span> <span class='ocrx_word' id='word_1_377' title='bbox 837 3384 904 3442; x_wconf 81' lang='lat' dir='ltr'>Aul.</span> <span class='ocrx_word' id='word_1_378' title='bbox 916 3384 984 3444; x_wconf 86' lang='lat' dir='ltr'>Gell</span> <span class='ocrx_word' id='word_1_379' title='bbox 1006 3386 1018 3442; x_wconf 86' lang='lat' dir='ltr'>l</span> <span class='ocrx_word' id='word_1_380' title='bbox 1041 3408 1086 3443; x_wconf 90' lang='lat' dir='ltr'>ra.</span> <span class='ocrx_word' id='word_1_381' title='bbox 1100 3406 1160 3459; x_wconf 80' lang='lat' dir='ltr'>cap.</span> <span class='ocrx_word' id='word_1_382' title='bbox 1179 3386 1374 3444; x_wconf 74' lang='lat' dir='ltr'>ermemirus</span> <span class='ocrx_word' id='word_1_383' title='bbox 1386 3388 1448 3461; x_wconf 89' lang='lat' dir='ltr'>ejus</span> <span class='ocrx_word' id='word_1_384' title='bbox 1461 3384 1501 3444; x_wconf 92' lang='lat' dir='ltr'>de</span> <span class='ocrx_word' id='word_1_385' title='bbox 1512 3383 1581 3441; x_wconf 70' lang='lat' dir='ltr'>Aa·</span> <span class='ocrx_word' id='word_1_386' title='bbox 1653 3443 1654 3454; x_wconf 24' lang='lat' dir='ltr'>p</span> 
     </span>
     <span class='ocr_line' id='line_1_39' title="bbox 409 3457 1567 3547; baseline 0.007 -35"><span class='ocrx_word' id='word_1_387' title='bbox 409 3457 516 3525; x_wconf 81' lang='lat' dir='ltr'>tatibus</span> <span class='ocrx_word' id='word_1_388' title='bbox 536 3458 660 3533; x_wconf 86' lang='lat' dir='ltr'>judicii.</span> <span class='ocrx_word' id='word_1_389' title='bbox 686 3461 769 3523; x_wconf 84' lang='lat' dir='ltr'>Plura</span> <span class='ocrx_word' id='word_1_390' title='bbox 789 3463 825 3523; x_wconf 89' lang='lat' dir='ltr'>de</span> <span class='ocrx_word' id='word_1_391' title='bbox 844 3466 945 3537; x_wconf 80' lang='lat' dir='ltr'>Servio</span> <span class='ocrx_word' id='word_1_392' title='bbox 963 3466 1064 3525; x_wconf 83' lang='lat' dir='ltr'>Tullio</span> <span class='ocrx_word' id='word_1_393' title='bbox 1085 3468 1154 3527; x_wconf 77' lang='lat' dir='ltr'>uide</span> <span class='ocrx_word' id='word_1_394' title='bbox 1174 3468 1251 3547; x_wconf 92' lang='lat' dir='ltr'>apud</span> <span class='ocrx_word' id='word_1_395' title='bbox 1273 3466 1350 3527; x_wconf 87' lang='lat' dir='ltr'>Plut.</span> <span class='ocrx_word' id='word_1_396' title='bbox 1372 3466 1408 3524; x_wconf 91' lang='lat' dir='ltr'>de</span> <span class='ocrx_word' id='word_1_397' title='bbox 1436 3464 1567 3523; x_wconf 78' lang='lat' dir='ltr'>Fortuna</span> 
     </span>
     <span class='ocr_line' id='line_1_40' title="bbox 408 3536 1567 3629; baseline 0.001 -28"><span class='ocrx_word' id='word_1_398' title='bbox 408 3536 618 3608; x_wconf 70' lang='lat' dir='ltr'>Romanorum.</span> <span class='ocrx_word' id='word_1_399' title='bbox 634 3542 749 3603; x_wconf 84' lang='lat' dir='ltr'>Primus</span> <span class='ocrx_word' id='word_1_400' title='bbox 770 3542 901 3623; x_wconf 87' lang='lat' dir='ltr'>fuit,qui</span> <span class='ocrx_word' id='word_1_401' title='bbox 921 3566 967 3605; x_wconf 85' lang='lat' dir='ltr'>aes</span> <span class='ocrx_word' id='word_1_402' title='bbox 988 3548 1098 3607; x_wconf 84' lang='lat' dir='ltr'>Romae</span> <span class='ocrx_word' id='word_1_403' title='bbox 1118 3546 1247 3629; x_wconf 79' lang='lat' dir='ltr'>signavit</span> <span class='ocrx_word' id='word_1_404' title='bbox 1258 3546 1376 3627; x_wconf 87' lang='lat' dir='ltr'>pecudis</span> <span class='ocrx_word' id='word_1_405' title='bbox 1395 3564 1477 3615; x_wconf 89' lang='lat' dir='ltr'>nota,</span> <span class='ocrx_word' id='word_1_406' title='bbox 1486 3544 1567 3605; x_wconf 88' lang='lat' dir='ltr'>unde</span> 
     </span>
    </p>

    <p class='ocr_par' dir='ltr' id='par_1_16' title="bbox 407 3614 1655 3712">
     <span class='ocr_line' id='line_1_41' title="bbox 407 3614 1655 3712; baseline 0.007 -35"><span class='ocrx_word' id='word_1_407' title='bbox 407 3614 532 3679; x_wconf 82' lang='lat' dir='ltr'>Pecunia</span> <span class='ocrx_word' id='word_1_408' title='bbox 553 3619 644 3681; x_wconf 87' lang='lat' dir='ltr'>dicta.</span> <span class='ocrx_word' id='word_1_409' title='bbox 666 3628 763 3693; x_wconf 66' lang='lat' dir='ltr'>‚Antea</span> <span class='ocrx_word' id='word_1_410' title='bbox 784 3625 1065 3705; x_wconf 83' lang='lat' dir='ltr'>permutationibus,</span> <span class='ocrx_word' id='word_1_411' title='bbox 1082 3628 1128 3689; x_wconf 83' lang='lat' dir='ltr'>uel</span> <span class='ocrx_word' id='word_1_412' title='bbox 1147 3648 1209 3687; x_wconf 88' lang='lat' dir='ltr'>aere</span> <span class='ocrx_word' id='word_1_413' title='bbox 1228 3647 1290 3687; x_wconf 90' lang='lat' dir='ltr'>uun</span> <span class='ocrx_word' id='word_1_414' title='bbox 1310 3630 1427 3712; x_wconf 79' lang='lat' dir='ltr'>signato</span> <span class='ocrx_word' id='word_1_415' title='bbox 1448 3628 1485 3685; x_wconf 88' lang='lat' dir='ltr'>in</span> <span class='ocrx_word' id='word_1_416' title='bbox 1497 3643 1566 3687; x_wconf 87' lang='lat' dir='ltr'>con·</span> <span class='ocrx_word' id='word_1_417' title='bbox 1643 3625 1655 3696; x_wconf 65' lang='lat' dir='ltr'>n]</span> 
     </span>
    </p>
   </div>
   <div class='ocr_carea' id='block_1_14' title="bbox 407 3699 1103 3847">
    <p class='ocr_par' dir='ltr' id='par_1_17' title="bbox 407 3699 1103 3847">
     <span class='ocr_line' id='line_1_42' title="bbox 407 3699 1102 3769; baseline 0.017 -12"><span class='ocrx_word' id='word_1_418' title='bbox 407 3699 546 3761; x_wconf 78' lang='lat' dir='ltr'>tractibus</span> <span class='ocrx_word' id='word_1_419' title='bbox 566 3702 720 3765; x_wconf 82' lang='lat' dir='ltr'>utebantur</span> <span class='ocrx_word' id='word_1_420' title='bbox 741 3706 889 3765; x_wconf 84' lang='lat' dir='ltr'>Romani.</span> <span class='ocrx_word' id='word_1_421' title='bbox 1099 3762 1102 3769; x_wconf 90' lang='lat'>.</span> 
     </span>
     <span class='ocr_line' id='line_1_43' title="bbox 859 3782 1103 3847; baseline 0.008 -1"><span class='ocrx_word' id='word_1_422' title='bbox 859 3787 1042 3847; x_wconf 73' lang='lat' dir='ltr'>corollarium</span> <span class='ocrx_word' id='word_1_423' title='bbox 1063 3782 1103 3847; x_wconf 81' lang='lat' dir='ltr'>X.</span> 
     </span>
    </p>
   </div>
   <div class='ocr_carea' id='block_1_15' title="bbox 359 3835 1654 3948">
    <p class='ocr_par' dir='ltr' id='par_1_18' title="bbox 359 3835 1654 3948">
     <span class='ocr_line' id='line_1_44' title="bbox 359 3835 1654 3948; baseline 0.009 -31"><span class='ocrx_word' id='word_1_424' title='bbox 359 3842 361 3849; x_wconf 15' lang='grc' dir='ltr'><em>Α</em></span> <span class='ocrx_word' id='word_1_425' title='bbox 447 3858 601 3936; x_wconf 83' lang='lat' dir='ltr'>Quoniam</span> <span class='ocrx_word' id='word_1_426' title='bbox 617 3835 656 3924; x_wconf 82' lang='lat' dir='ltr'>¹in</span> <span class='ocrx_word' id='word_1_427' title='bbox 675 3861 732 3924; x_wconf 89' lang='lat' dir='ltr'>boc</span> <span class='ocrx_word' id='word_1_428' title='bbox 748 3858 869 3942; x_wconf 81' lang='lat' dir='ltr'>Syllaba</span> <span class='ocrx_word' id='word_1_429' title='bbox 889 3886 971 3948; x_wconf 87' lang='lat' dir='ltr'>saepe</span> <span class='ocrx_word' id='word_1_430' title='bbox 990 3890 1007 3929; x_wconf 92' lang='lat' dir='ltr'>a</span> <span class='ocrx_word' id='word_1_431' title='bbox 1027 3890 1074 3929; x_wconf 88' lang='lat' dir='ltr'>me</span> <span class='ocrx_word' id='word_1_432' title='bbox 1094 3857 1167 3929; x_wconf 83' lang='lat' dir='ltr'>facta</span> <span class='ocrx_word' id='word_1_433' title='bbox 1189 3871 1303 3932; x_wconf 89' lang='lat' dir='ltr'>mentio</span> <span class='ocrx_word' id='word_1_434' title='bbox 1323 3871 1359 3931; x_wconf 90' lang='lat' dir='ltr'>de</span> <span class='ocrx_word' id='word_1_435' title='bbox 1379 3869 1490 3948; x_wconf 80' lang='lat' dir='ltr'>legibus</span> <span class='ocrx_word' id='word_1_436' title='bbox 1512 3888 1560 3929; x_wconf 87' lang='lat' dir='ltr'>ra.</span> <span class='ocrx_word' id='word_1_437' title='bbox 1653 3869 1654 3920; x_wconf 71' lang='grc' dir='ltr'>ἶ</span> 
     </span>
    </p>
   </div>
   <div class='ocr_carea' id='block_1_16' title="bbox 398 3937 1565 4099">
    <p class='ocr_par' dir='ltr' id='par_1_19' title="bbox 398 3937 1565 4099">
     <span class='ocr_line' id='line_1_45' title="bbox 398 3937 1565 4037; baseline 0.015 -36"><span class='ocrx_word' id='word_1_438' title='bbox 398 3937 584 4032; x_wconf 60' lang='grc' dir='ltr'>Μιᾳαιιιιι</span> <span class='ocrx_word' id='word_1_439' title='bbox 595 3986 606 4016; x_wconf 83' lang='grc'><em>,</em></span> <span class='ocrx_word' id='word_1_440' title='bbox 616 3963 649 4009; x_wconf 82' lang='lat' dir='ltr'>au</span> <span class='ocrx_word' id='word_1_441' title='bbox 668 3946 773 4007; x_wconf 86' lang='lat' dir='ltr'>multis</span> <span class='ocrx_word' id='word_1_442' title='bbox 790 3966 826 4023; x_wconf 76' lang='lat' dir='ltr'>er</span> <span class='ocrx_word' id='word_1_443' title='bbox 846 3949 1035 4031; x_wconf 82' lang='lat' dir='ltr'>antiquitatis</span> <span class='ocrx_word' id='word_1_444' title='bbox 1053 3951 1269 4037; x_wconf 70' lang='lat' dir='ltr'>mdiosboou</span> <span class='ocrx_word' id='word_1_445' title='bbox 1284 3952 1465 4036; x_wconf 83' lang='lat' dir='ltr'>displicebit,</span> <span class='ocrx_word' id='word_1_446' title='bbox 1483 3953 1565 4017; x_wconf 74' lang='lat' dir='ltr'>bati·</span> 
     </span>
     <span class='ocr_line' id='line_1_46' title="bbox 597 4067 606 4099; baseline 0.111 -1"><span class='ocrx_word' id='word_1_447' title='bbox 597 4067 606 4099; x_wconf 81' lang='grc' dir='ltr'>ι</span> 
     </span>
    </p>
   </div>
   <div class='ocr_carea' id='block_1_17' title="bbox 0 0 1664 4817">
    <p class='ocr_par' dir='ltr' id='par_1_20' title="bbox 0 0 1664 4817">
     <span class='ocr_line' id='line_1_47' title="bbox 0 0 1664 4817; baseline 0 7"><span class='ocrx_word' id='word_1_448' title='bbox 0 0 1664 4817; x_wconf 95' lang='lat' dir='ltr'> </span> 
     </span>
    </p>
   </div>
   <div class='ocr_carea' id='block_1_18' title="bbox 1653 3699 1655 4198">
    <p class='ocr_par' dir='ltr' id='par_1_21' title="bbox 1653 3699 1655 4198">
     <span class='ocr_line' id='line_1_48' title="bbox 1653 3699 1654 3766; baseline 0 0"><span class='ocrx_word' id='word_1_449' title='bbox 1653 3699 1654 3766; x_wconf 76' lang='lat' dir='ltr'>l</span> 
     </span>
     <span class='ocr_line' id='line_1_49' title="bbox 1653 3771 1654 3824; baseline 0 0"><span class='ocrx_word' id='word_1_450' title='bbox 1653 3771 1654 3824; x_wconf 78' lang='grc' dir='ltr'>ι</span> 
     </span>
     <span class='ocr_line' id='line_1_50' title="bbox 1653 3979 1655 4050; baseline 0 0"><span class='ocrx_word' id='word_1_451' title='bbox 1653 3979 1655 4050; x_wconf 77' lang='lat' dir='ltr'>l</span> 
     </span>
     <span class='ocr_line' id='line_1_51' title="bbox 1653 4111 1655 4198; baseline 0 0"><span class='ocrx_word' id='word_1_452' title='bbox 1653 4111 1655 4198; x_wconf 77' lang='lat' dir='ltr'>l</span> 
     </span>
    </p>
   </div>
  </div>
 </body>
</html>
