3317 4817
465 299 513 371 ὁδ’
692 366 699 375 ,
986 304 1040 373 Po

457 390 469 411 ²
575 391 649 451 ‘Car
666 410 720 451 ton
739 388 823 452 mitto
848 407 923 452 meos
943 392 1012 465 ribi,
1034 391 1221 465 rossilianis,
1237 390 1387 453 titulasti

667 474 714 533 Ne
734 475 802 534 mihi
820 493 854 541 ,ru
878 477 997 542 mittas,
1017 476 1193 543 Pantiliaue,
1215 493 1300 536 taos.

468 554 586 616 Pontius
598 570 612 626 ,⁴
628 556 792 623 Diaconos,
812 560 919 617 citatus
939 559 971 617 in
993 557 1078 617 Actis
1096 556 1128 617 S.
1146 558 1281 635 Cypriani
1302 557 1341 623 ds
1360 574 1417 621 usn
1433 554 1583 638 operiendi

426 633 526 693 linteo
542 637 668 716 quodam
690 637 864 698 cathedram
886 640 1086 721 Episcopalem
1100 685 1107 699 .
1120 641 1175 699 *De
1194 638 1251 705 boc
1271 658 1341 709 usar,-
1360 657 1391 698 er
1412 638 1453 698 de.
1469 639 1583 719 Episco-

351 787 354 798 .
421 716 483 853 gali
502 717 666 811 Qarhedra,
688 722 748 826 agit
767 721 953 795 doctissimus
974 722 1103 793 Passeri,
1125 720 1312 811 Eugubinus‚
1332 720 1462 780 Diuum
1485 739 1530 778 sz-
1549 721 1581 783 di

452 813 565 857 emmas.
718 815 797 833 ··
943 806 1009 827 ‘¹'
1081 834 1085 843 ·
1172 812 1216 842 ·.
1339 820 1343 828 ·

427 869 434 881 '
461 880 588 955 Popilius
609 882 620 959 (
631 880 707 959 Μ),
728 884 846 949 Poeta,
858 898 887 943 et
908 884 953 944 nir
974 884 1167 956 Consularis,
1186 904 1204 946 u
1223 904 1285 970 quo
1303 882 1583 963 adjusua'l'ersnrius

418 959 453 1019 in
467 962 640 1023 Comoediis
660 985 676 1023 a
696 966 795 1025 Santra
815 966 945 1037 dicitur,
966 970 1003 1025 V.
1020 968 1164 1027 Terentius
1187 969 1224 1028 in
1246 967 1281 1025 T.

460 1044 603 1120 Popilius,
626 1046 749 1127 Legatos
769 1046 894 1105 aliom.
914 1049 1021 1107 Senatu
1048 1045 1106 1109 fuit
1137 1048 1175 1108 ad
1202 1036 1411 1116 Antiochum,
1433 1038 1523 1115 Asiae
1543 1063 1579 1103 ra·

414 1141 505 1205 gem.
524 1145 561 1185 ne
582 1126 690 1185 bellum
711 1124 831 1187 inferret
853 1128 1019 1187 Ptolemaeo
1040 1148 1139 1210 puero.
1152 1131 1279 1214 Aegypt-i
1299 1128 1376 1210 regi,
1390 1128 1443 1209 qui
1466 1124 1520 1187 sub
1538 1142 1581 1185 tu·

415 1204 561 1288 tela'pop.
582 1209 669 1266 Rom.
682 1224 761 1269 erat.
781 1210 836 1269 Sua
856 1209 1023 1289 eloquentia
1043 1213 1229 1291 impetravit.
1249 1206 1329 1291 quod
1348 1212 1470 1269 srmtm
1496 1224 1582 1287 optae

415 1284 489 1356 bat,
511 1306 541 1348 et
561 1289 667 1348 iccirco
683 1290 728 1370 in
750 1289 838 1348 Rom.
858 1291 1001 1351 Historiis
1031 1292 1183 1352 Oratorem
1203 1279 1324 1349 Rarum(
1336 1290 1435 1347 Decus
1456 1288 1578 1369 appella·

412 1366 462 1425 tu't
476 1369 574 1445 .'Ejtrs
595 1369 744 1428 Orationes
766 1368 860 1449 desid,

455 1448 623 1521 Porcellus,
644 1452 786 1518 Gramm,
800 1454 908 1513 citatus
928 1472 943 1512 a
964 1454 1006 1513 M.
1023 1454 1087 1513 sen.
1101 1454 1134 1513 in
1154 1450 1296 1513 suasoriis
1306 1497 1314 1523 ,
1326 1450 1379 1534 qui
1394 1468 1460 1512 tum
1473 1464 1573 1520 notat,

412 1532 548 1611 eoquod
568 1531 735 1591 Soloecismi
757 1532 847 1592 Corn.
863 1536 997 1593 Severum
1018 1554 1166 1617 perperam
1192 1534 1350 1595 accusarit.

454 1611 586 1682 Porcius,
608 1614 712 1672 Poeta.
733 1614 802 1692 Ejus
821 1616 968 1685 carmina,
989 1616 1150 1698 inquibus
1169 1614 1287 1681 dieitur,
1298 1612 1472 1673 Terentium
1487 1610 1574 1671 obiis-

412 1709 443 1750 se
455 1692 488 1751 in
502 1691 675 1774 stymphalo‚
689 1694 830 1755 Arcadiae
851 1697 978 1776 oppido,
991 1714 1020 1755 et
1043 1717 1194 1779 pauperem
1217 1697 1249 1753 in
1262 1696 1413 1754 Graeciam
1427 1712 1457 1752 se
1473 1710 1576 1752 contu·

413 1771 490 1844 liare,
511 1776 607 1834 Roma
626 1775 737 1844 relicta,
758 1772 917 1835 afferuntur
936 1778 970 1835 in
990 1782 1111 1859 antiqua
1138 1777 1204 1836 Vita
1223 1776 1252 1833 T
1250 1778 1370 1844 ereutii,
1392 1775 1456 1834 sive
1477 1777 1574 1833 Sueto-

412 1854 480 1919 nii,
502 1856 563 1914 sive
584 1854 713 1915 Donati.
735 1859 841 1916 Utrum
864 1878 896 1917 ea
918 1858 1010 1917 carm.
1023 1862 1084 1917 sint
1106 1858 1197 1917 Porcii
1218 1858 1336 1922 Licinii,
1353 1854 1487 1938 insignis
1508 1857 1576 1915 Poe·

409 1931 480 1995 tae?
499 1936 562 1995 illic
582 1955 644 1995 non
660 1937 829 1998 indicatur.
851 1940 912 1997 Nec
925 1939 1000 1998 dicti
1012 1940 1103 1999 Porcii
1123 1940 1179 2000 alia
1192 1938 1485 2007 comendavimus,
1498 1938 1524 1996 si
1537 1936 1576 1994 di·

414 2024 513 2075 tersus
533 2019 573 2077 sit
593 2038 609 2077 a
630 2017 770 2088 Licinio,
793 2019 829 2077 de
850 2038 909 2099 quo
930 2022 964 2078 in
985 2020 1019 2079 L.
1058 2050 1060 2057 ·

453 2097 607 2178 Porphyris
628 2100 640 2175 (
662 2100 848 2180 Pompon.)‚
869 2101 1001 2160 Gramm.
1040 2100 1074 2160 ui
1090 2098 1208 2160 &halis
1226 2100 1256 2159 in
1275 2096 1507 2159 Horatedidit.
1527 2100 1573 2156 ln·
1635 2152 1636 2179 ξ

413 2182 501 2237 iente
523 2176 591 2239 haec
611 2177 726 2237 Scholia
746 2177 863 2239 fuerunt
884 2181 924 2239 in'
938 2120 1098 2268 Magaiona'
1113 2182 1220 2251 Insula,
1242 2187 1301 2241 una
1319 2198 1385 2242 cum
1394 2179 1495 2254 Apicii
1507 2179 1570 2238 libb.
1635 2204 1636 2207 ¹

412 2256 449 2317 ab
469 2258 590 2319 Enoiho
611 2260 773 2319 Erculano.
794 2262 839 2321 Ita
862 2262 998 2322 Alberrt'rs
1019 2265 1189 2323 Bononsin
1218 2262 1333 2323 Italiae
1351 2261 1572 2336 Descnptione,
1635 2266 1636 2269 ’

408 2338 571 2419 Reynesius
592 2354 689 2399 tamen
710 2358 827 2412 censet,
849 2340 918 2403 haec
947 2342 1063 2402 Scholia
1090 2340 1174 2406 falso
1186 2343 1278 2405 tribui
1299 2339 1521 2424 Porphyrioni,
1542 2356 1568 2400 tt

405 2438 466 2479 csse
485 2424 609 2480 recentis
629 2423 803 2501 Scriptoris.
1216 2421 1218 2426 ’
1282 2443 1284 2453 ·

445 2499 619 2579 Porphyrius
639 2503 650 2579 (
671 2504 849 2585 optatianus
870 2506 902 2583 l,
925 2508 1014 2567 Poeta
1034 2502 1163 2576 Christi,
1185 2506 1237 2589 qui
1257 2504 1364 2565 exsilio
1385 2502 1563 2563 multarusa

409 2582 590 2658 Costantin'o
610 2584 773 2662 ivl-multa
792 2589 921 2662 carmina
935 2591 1039 2649 Latina
1059 2590 1224 2670 composuit
1244 2587 1278 2646 in
1290 2587 1406 2647 laudem
1427 2586 1571 2645 Conmen-

409 2662 490 2734 tini,
512 2661 620 2806 Quibus
641 2666 833 2748 impetravit,
854 2690 888 2729 ut
909 2669 944 2728 ab
964 2670 1069 2729 exsilio
1089 2685 1284 2737 revocaretur,
1306 2685 1336 2727 et
1355 2667 1482 2749 gratiam
1505 2671 1571 2744 ejus

411 2742 523 2805 dem'si
544 2747 865 2818 iconciliaret.'Exstat
879 2752 1071 2829 Panegyricus
1081 2750 1281 2811 Constantino
1292 2749 1417 2827 scriptus
1437 2746 1475 2806 ab
1488 2747 1571 2822 Opta·

402 2824 484 2885 tiano
496 2826 813 2900 rersrbu's'acrosiichis,
823 2834 911 2892 variis
924 2828 1022 2916 liguris
1036 2833 1158 2915 digestis
1169 2832 1251 2890 .Alia
1263 2833 1325 2907 ejus
1333 2828 1474 2888 Carmina
1482 2826 1571 2887 desid.

445 2906 631 2985 Papinius,
654 2913 786 2973 dictura
808 2931 886 2973 veste
914 2933 1076 2994 purpurea,
1098 2934 1153 2993 qus
1181 2912 1376 2980 induebatur,
1396 2928 1466 2968 cum
1489 2928 1571 2969 antea

403 2985 545 3048 Malchus
566 2992 771 3074 appellaretur,
793 2996 905 3053 Romae
926 2994 979 3052 sub
1000 2990 1126 3053 Plotino'
1143 2990 1364 3074 Philosophiam
1386 2990 1572 3049 didicirAu·

402 3068 507 3130 taliani
527 3072 632 3154 lmpet.
642 3074 840 3154 temporibus,
860 3074 986 3144 relictis,
1007 3092 1037 3133 et
1058 3074 1150 3156 patria
1170 3076 1257 3155 Tyro,
1280 3090 1308 3132 er
1329 3073 1473 3155 magistro
1495 3075 1570 3132 Lon·

405 3151 490 3291 gina,
510 3152 563 3213 sub
583 3173 641 3235 quo
661 3154 695 3212 in
716 3156 811 3235 primo
832 3157 934 3215 aetatis
955 3156 1024 3214 floro
1043 3154 1246 3215 erudiebatur.
1268 3148 1570 3222 Christianusfactua,

434 3226 592 3293 mudanat
612 3234 763 3316 religionis
784 3255 845 3295 non
866 3236 1125 3301 solum-desertor,
1143 3236 1194 3297 sed
1214 3254 1244 3296 et
1264 3250 1449 3319 oppugnator
1470 3236 1572 3293 acerri-

402 3330 470 3375 mus
491 3331 594 3397 postea
608 3312 688 3379 fuit,
706 3316 797 3380 'editis
816 3317 952 3398 plurimis
973 3318 1222 3398 pestilentissimis
1242 3318 1373 3396 scriptis,
1395 3330 1470 3395 qnae
1490 3335 1569 3373 com·

402 3391 468 3455 buri
486 3397 574 3477 jussit
594 3397 807 3475 Constantinus
826 3397 888 3467 M..
910 3415 939 3457 et
960 3418 1082 3480 quorum
1105 3396 1205 3485 fragm.
1216 3398 1310 3458 solum
1332 3410 1457 3455 manent
1478 3396 1511 3453 in
1524 3398 1568 3455 SS.

398 3475 476 3547 Pe„
499 3478 551 3559 qui
578 3498 644 3538 eum
672 3476 856 3557 refutarunt.
877 3478 952 3539 lium
975 3499 1038 3539 non
1058 3480 1226 3559 incultum,
1247 3494 1277 3539 et
1305 3479 1430 3559 trupiter
1452 3475 1567 3536 hirtum
1633 3476 1634 3511 l

396 3552 553 3641 ingenium
575 3556 707 3619 hab’oisse
733 3562 804 3620 satis
831 3558 955 3621 declarat
975 3561 1195 3639 ejus'isagoge·
1211 3560 1353 3642 Hispanis
1373 3556 1567 3639 Philosophia

397 3641 577 3705 notissima,
597 3641 631 3699 in
651 3660 707 3723 qua
727 3640 763 3700 de
789 3663 811 3715 5.
825 3640 1089 3711 Praedicabilibus,
1104 3643 1153 3703 stit
1170 3638 1400 3709 ‘Universalibus
1416 3639 1568 3699 subtiliter

401 3716 547 3783 disserit.
569 3722 653 3782 Plura
680 3718 735 3782 alia
755 3721 939 3793 lucubravit,
981 3742 1033 3785 uae
1053 3743 1157 3807 magna
1176 3745 1212 3783 ex
1233 3739 1312 3805 parte
1332 3722 1483 3803 perierunt
1500 3766 1511 3790 ,
1531 3736 1568 3779 ut

395 3797 494 3860 Libros
507 3800 760 3883 deSacriiciis,in
770 3802 876 3885 quibus
896 3742 1017 3865 docebat
1029 3850 1037 3875 ,
1047 3804 1128 3865 bruta
1149 3804 1297 3868 animalia,
1309 3821 1338 3862 et
1357 3804 1475 3863 ratione
1494 3804 1563 3872 uti,

392 3883 529 3964 telequi
551 3883 629 3943 inter
648 3903 698 3953 se,
720 3881 789 3945 lie'et
808 3904 863 3945 nos
884 3904 982 3946 eorum
1004 3906 1150 3945 sermones
1170 3906 1233 3945 non
1254 3886 1423 3965 capiamus,
1447 3885 1492 3943 uti
1515 3902 1566 3943 ns·

391 3970 450 4043 qu‘e
462 3965 616 4027 'eumenes
635 3963 1053 4051 wbuotumtutultaque'de'
1064 3966 1301 4052 nonnullis·,··qui
1313 3982 1478 4031 sermonem
1498 3964 1571 4027 rar·-
