3317 4817
447 342 531 416 arb*
680 400 687 427 ,
831 404 835 422 ,
924 424 929 431 ,
971 352 1028 416 VA
1204 424 1209 433 ¹
1277 406 1281 411 .
1333 408 1336 411 ,

450 432 635 515 Valerianus,
656 436 730 517 imp.
745 434 810 495 iba
830 436 934 516 Sapore
954 436 1101 497 Persarum
1124 454 1189 519 rege
1215 425 1338 507 victns',
1359 452 1389 496 et
1418 433 1562 519 mancipii

407 512 477 572 erlis
497 514 563 575 loco
583 513 714 586 babitus,
727 517 771 597 ⁴ab
790 518 892 579 codem
914 518 1032 576 tandem
1054 516 1129 597 pelle
1151 512 1270 587 nudari,
1291 534 1321 576 et
1341 516 1420 577 saliri
1446 517 1560 577 barbate

405 598 515 672 jussus.
537 598 574 657 ln
596 598 742 679 vopisco,
762 601 824 675 ejus
850 598 944 656 Vitam
966 596 1129 666 scribente,
1152 616 1221 658 sunt
1243 598 1334 659 multa
1355 602 1417 673 ejus
1437 598 1563 673 Epistr„

407 675 566 755 inquibus
588 677 787 748 Aurelianum,
803 696 902 759 postea
921 681 1145 761 Imperatorem,
1157 680 1277 740 laudat.
1297 680 1411 746 lussit,
1433 698 1483 739 sua
1504 678 1569 737 scri·

410 756 442 817 bl
471 760 504 817 in
533 757 617 818 libris
637 760 754 829 linteis,
776 778 805 819 et
825 761 961 819 asservari
981 761 1014 819 in
1035 759 1151 819 bibliot.
1165 760 1254 841 Ulpia
1270 806 1279 831 ,
1298 782 1333 820 cx
1354 758 1461 843 quibus
1487 759 1567 840 plura

409 840 534 919 sumpsit
555 840 714 979 Vopiscus,
729 860 761 901 ut
782 842 871 900 etiam
893 859 927 899 cx
950 841 1066 901 scriniis
1088 838 1178 902 Praef.
1194 838 1305 913 Urbis,
1325 850 1397 923 quae
1417 840 1571 901 citat.1n·

408 920 491 977 rerirt
512 938 557 978 an.
580 924 604 979 C
627 923 691 981 risti
714 931 780 982 260.

431 1000 435 1007 '
448 999 576 1079 Valgius
586 1000 613 1077 ¹(
616 1006 643 1063 T
647 1006 664 1081 )
679 1048 687 1072 ,
708 1004 812 1071 Poeta,
834 1023 868 1063 ex
890 1002 1043 1063 Consulari
1064 999 1176 1065 familia
1188 1048 1195 1074 ,
1209 1004 1261 1085 qui
1274 1004 1303 1061 fl.
1317 1000 1476 1063 secundnm
1502 999 1571 1059 nie-

406 1080 474 1141 eiel.
488 1104 537 1154 45·
550 1080 595 1142 an.
608 1100 677 1143 ante
697 1083 809 1143 Christi
828 1104 921 1144 aeram
938 1085 1103 1145 ‚Laudatur
1113 1106 1129 1144 a
1139 1084 1280 1153 Tibullo,
1294 1101 1324 1143 et
1336 1084 1478 1145 Horatio.
1499 1081 1572 1141 Scri·

409 1160 470 1244 p'sit
489 1161 611 1243 Elegor,
634 1186 682 1233 ac,
695 1165 741 1225 vel
762 1164 826 1235 hic,
849 1166 894 1222 tel
915 1165 984 1223 alter
1004 1167 1133 1237 ciusdem
1155 1162 1434 1229 nominis,carmen
1453 1164 1488 1222 de
1500 1164 1571 1218 Aet·

410 1262 465 1311 na,
483 1244 606 1304 citatum
628 1266 644 1305 a
666 1248 697 1306 L.
708 1248 811 1305 Seneca
833 1245 925 1320 Epist.
946 1253 991 1303 62.
1006 1247 1041 1307 ad
1063 1247 1152 1306 Lucil.
1178 1250 1212 1305 ln
1226 1248 1347 1327 antiqua
1373 1244 1441 1304 Vere
1466 1240 1572 1301 Teren·

410 1323 442 1381 rit·
462 1325 568 1383 citatur
595 1325 714 1405 Valgius
735 1327 768 1386 in
790 1326 951 1394 Actaeone,
973 1344 1001 1385 tt
1024 1327 1162 1386 nonnulli
1184 1333 1245 1403 ejus
1266 1345 1362 1385 versus
1383 1318 1568 1395 afferuntur.

409 1404 482 1462 Sunt
502 1406 590 1469 etiam
613 1407 689 1489 apud
710 1409 858 1472 Servium,
881 1426 909 1467 et
930 1409 956 1465 S.
969 1408 1114 1467 Isidorum
1138 1407 1279 1492 nonnulla
1297 1406 1392 1485 Vergit
1413 1406 1567 1467 Carmina.

410 1482 546 1547 Tibullus
566 1488 585 1545 l.
600 1510 627 1558 4.
642 1488 745 1565 Elegia
766 1488 801 1547 ad
824 1488 987 1547 Messallam
1009 1489 1045 1546 de
1065 1508 1099 1547 co
1120 1490 1178 1557 ait,
1578 1498 1584 1511 ⁴

431 1576 434 1583 “
569 1565 692 1627 Artemo
708 1570 894 1645 propiornon
913 1571 988 1628 alter
1006 1567 1128 1626 Homero

409 1660 439 1706 et
459 1647 529 1706 Hor.
542 1649 564 1708 l.
575 1670 600 1706 r.
611 1647 674 1709 Sar.
689 1671 735 1708 te.
748 1670 813 1710 eum
836 1651 991 1732 conjungit
1011 1670 1076 1709 cum
1091 1651 1198 1718 Vario,
1212 1648 1358 1735 Virgilio,
1368 1652 1398 1709 et'
1418 1646 1496 1717 aliis,
1509 1646 1570 1727 qui·

410 1727 591 1865 bdszlacete
611 1730 644 1790 in
666 1732 768 1812 primis
789 1748 890 1811 optat.
996 1746 999 1751 ·
1028 1731 1038 1766 ¹

482 1810 575 1887 algins
596 1812 607 1887 (
620 1812 680 1891 C),
691 1812 866 1891 Apollodori
878 1807 963 1870 Rbet.
978 1810 1214 1893 discipulus,qui
1235 1809 1467 1895 diligentissime
1480 1806 1563 1864 Prae·
1651 1837 1652 1890 3

410 1904 490 1965 cepta
509 1888 673 1950 Rhetoricae
695 1893 869 1985 Apollodori
889 1894 995 1986 latine
1014 1893 1138 1985 tradidit
1150 1886 1223 1984 ,lta
1243 1892 1352 1969 Quint.
1366 1892 1385 1950 l.
1393 1912 1449 2027 ἦ

456 1968 1450 2134 llltllsittdl:liltss¹³⁸r..t¹:.t‘t?.².l.1l.l..'ttlt.r‚
1472 2046 1569 2108 ns.

411 2130 470 2199 nis,
490 2134 578 2193 etiarn
600 2152 633 2193 tn
656 2135 844 2217 periculis,et
866 2136 990 2194 miseriis
1004 2132 1108 2194 faceti.
1131 2136 1167 2193 V.
1176 2132 1295 2191 Sabinus
1308 2136 1341 2191 in
1353 2130 1382 2191 S.
1392 2132 1464 2191 Fuit
1474 2128 1570 2189 Theo·
1651 2165 1652 2182 r

410 2210 582 2273 dortrther.
595 2214 714 2297 discip,
736 2234 769 2276 ut
789 2219 852 2298 ipse
872 2218 975 2275 Brutio
995 2218 1036 2275 Ni
1057 2235 1088 2273 ro
1108 2216 1403 2295 respondit,notatus
1415 2212 1497 2291 quod
1518 2232 1569 2293 pa-

407 2312 472 2355 runt
494 2293 633 2355 distincte
653 2298 788 2357 Caussam
812 2298 1022 2378 proposuisset.
1038 2237 1089 2355 lta
1109 2298 1173 2355 Scn.
1189 2296 1221 2353 in
1233 2293 1462 2373 Controversia.

420 2376 424 2385 '
455 2371 556 2432 Varius
577 2376 660 2455 (Q),
683 2377 817 2458 dequo,
839 2398 905 2436 cum
928 2377 1011 2436 laude
1031 2377 1184 2444 Oratoris,
1206 2376 1269 2434 Cic.
1293 2378 1326 2433 in
1341 2371 1474 2431 ¹Bruto.
1496 2372 1570 2433 ruit

409 2454 495 2533 Hisp.
515 2456 769 2516 Sucronensis.lta
791 2458 855 2517 Val.
868 2460 947 2516 Mat.
964 2461 984 2516 l.
1002 2479 1024 2535 3.
1037 2477 1059 2514 c.
1076 2476 1102 2517 r·
1116 2502 1122 2526 ‚
1136 2475 1165 2515 ct
1179 2456 1340 2515 Paediantrs
1361 2457 1393 2513 in
1415 2452 1567 2525 Commeat.

411 2534 542 2594 adorat.
554 2535 609 2594 cie
619 2535 799 2617 proScaaro.
815 2539 973 2598 Accusavit
988 2540 1139 2607 Scaurum,
1152 2556 1181 2595 et
1201 2538 1307 2597 citatur
1323 2535 1456 2616 aQuint.
1470 2534 1520 2593 rit.
1530 2556 1567 2604 t..

412 2610 462 2675 ttbi
484 2613 520 2674 de
545 2615 605 2674 Usu
627 2615 883 2691 Argumentaram.
1236 2621 1237 2624 ’

457 2693 557 2754 Varias
577 2696 589 2773 (
610 2699 716 2758 Lucius
733 2700 772 2777 )‚
794 2702 882 2759 Poeta
904 2701 1019 2778 dequo
1039 2699 1178 2758 meminit
1198 2696 1289 2759 Ovid.
1302 2698 1339 2757 de
1367 2694 1461 2753 Ponto
1493 2696 1516 2755 l.
1537 2720 1566 2767 4.

411 2775 466 2853 Ep.
481 2786 525 2837 16.
537 2779 657 2839 Tacitus
678 2779 774 2839 laudat
796 2780 828 2839 l.
849 2780 926 2839 Varii
951 2780 979 2837 Τ
977 2779 1111 2849 dicarem,
1133 2797 1163 2839 et
1183 2780 1293 2858 Quint.
1306 2780 1326 2841 l.
1343 2798 1388 2834 10.
1404 2778 1469 2845 ait,
1490 2774 1571 2835 Varii
1650 2775 1651 2840 J

415 2856 553 2943 thiestern
574 2859 696 2919 cuilibet
717 2861 892 2926 Graecorum
913 2859 1090 2943 Tragoedias
1109 2862 1268 2940 comparari
1292 2877 1392 2940 posse.
1413 2859 1489 2916 Sunt
1517 2859 1570 2939 qui
1650 2881 1651 2940 r

409 2934 651 3009 affirment,hanc
676 2938 860 3017 Tragoediam
882 2961 945 3014 esse
961 2943 1054 3001 Cassii
1076 2943 1346 3017 Parmensis,cujus
1368 2938 1474 3017 scripta
1492 2943 1570 3014 ,jus-
1650 2963 1651 3000 r

409 3038 443 3077 su
456 3008 606 3102 ‘Augurem
629 3017 746 3081 fuerunt
765 3044 781 3083 a
808 3022 892 3080 Varia
914 3021 1041 3082 Athenis
1060 3023 1233 3100 combusta,
1252 3019 1378 3101 eoquod
1398 3038 1477 3077 arma
1498 3038 1569 3078 con·

409 3114 452 3158 tta
473 3106 548 3183 Aug.
562 3120 613 3181 pto
633 3104 676 3161 M.
691 3103 763 3161 Ant.
774 3103 906 3167 tulisset,
926 3123 956 3163 et
983 3102 1112 3169 Varium,
1133 3103 1236 3161 ceteris
1256 3102 1350 3160 Cassii
1372 3100 1491 3179 scriptis
1504 3100 1571 3181 igni

410 3178 545 3249 traditis,
565 3180 621 3241 sibi
648 3180 830 3258 Tragoediam
852 3184 933 3243 illam
955 3200 1161 3248 reservasse,et
1181 3182 1348 3241 attribuisse
1370 3180 1500 3262 indigno
1515 3181 1571 3261 pla·

386 3260 474 3341 ¹gio.
496 3262 541 3320 Ira
562 3259 688 3342 Raphael
711 3264 819 3346 Regius
840 3264 872 3322 in
894 3264 1003 3342 Quint.
1017 3265 1075 3323 Hic
1098 3262 1130 3320 t.
1149 3258 1319 3321 Varirrsfuit
1340 3261 1430 3343 Poeta
1451 3260 1568 3341 Epicus,

410 3356 440 3398 et
460 3340 649 3401 Grammcui
671 3344 813 3425 dogunt
833 3366 900 3404 curn
921 3348 1016 3404 Tucca
1027 3342 1177 3403 Aeneidem
1191 3344 1273 3423 Virg.
1281 3341 1498 3407 emendandam
1520 3361 1571 3400 tta-

408 3420 505 3481 didit.
525 3423 593 3483 Erat
614 3422 735 3505 Virgilti
754 3426 864 3486 amicus
884 3443 913 3484 ct
934 3424 970 3484 ab
989 3422 1132 3484 cohaeres
1150 3425 1309 3489 institutus
1321 3466 1327 3479 .
1340 3419 1488 3507 Virgilius
1499 3442 1569 3485 eunt

371 3542 378 3552 .
416 3500 536 3575 Verrunt,
559 3522 620 3563 non
648 3504 779 3575 Varium,
800 3504 925 3586 appellat
945 3505 1057 3583 Ecloga
1082 3524 1123 3575 9:

572 3586 662 3645 Vare:
683 3601 761 3643 tuum
782 3606 889 3655 nomen,
909 3601 1016 3661 saperet
1034 3586 1115 3644 modo
1134 3580 1262 3642 Mantua
1280 3584 1368 3655 nobis,

573 3662 727 3724 Cantante's
747 3666 864 3725 sublime
879 3663 973 3744 ferent
993 3685 1075 3741 super
1095 3682 1189 3724 attera
1210 3667 1315 3743 cygni:

411 3742 517 3885 ἳιίδιιε
538 3744 672 3815 indicat,
693 3738 889 3807 Mantdanum
911 3743 1020 3806 fuisse.
1043 3748 1143 3807 Horat.
1156 3765 1223 3806 eum
1245 3744 1342 3807 laudat
1364 3744 1385 3804 l.
1399 3766 1428 3805 r.
1440 3744 1505 3806 Sat.
1522 3749 1574 3819 re,
1649 3819 1650 3826 ἵ

443 3824 618 3885 etiamtum
643 3844 770 3894 vocans,
792 3843 825 3886 ut
845 3827 934 3886 etiam
957 3827 1038 3895 oar,
1060 3826 1137 3885 mibi
1167 3848 1194 3891 r.
1210 3826 1258 3885 lib.
1272 3845 1298 3886 r.
1315 3827 1352 3885 de
1370 3846 1407 3885 eo
1428 3846 1571 3909 tanquam
1649 3859 1650 3910 4

410 3904 448 3963 de
467 3906 580 3987 insigni
601 3902 693 3987 Epieo
713 3907 898 3967 mentionem
919 3904 1047 3969 faciens.
1065 3906 1259 3975 Testabatur,
1281 3906 1443 3991 Vlr‘gilinm
1467 3924 1572 3990 penem

349 4059 351 4064 ἢ
409 4002 508 4053 metus
527 4002 589 4049 uno
608 3986 657 4048 die
675 3987 894 4069 composuisse.
915 3989 961 4051 Ita
982 3983 1187 4069 Quint.‘l.‘ro.
1204 3987 1358 4051 Nonnulla
1379 3986 1469 4051 'Veris'
1481 3990 1571 4051 cerm.
