3317 4817
1088 291 1097 313 ὃ

282 312 283 315 '
1199 318 1241 365 Χῖ

120 370 507 458 ,tritbemius-operam}
523 386 669 459 quamque
693 372 828 459 ingentes
850 374 1010 443 ,litterulae
1031 375 1152 445 ‹livitim
1171 356 1289 465 intiqui
1364 412 1366 416 >

131 459 287 527 Romani,
306 477 341 521 ex
353 477 420 539 ,quo
440 476 599 535 non-artua
620 457 733 523 solum,
754 458 805 519 secl
824 475 855 519 et
875 459 985 521 litteras
1005 477 1183 533 tractarunt,
1198 482 1290 543 poste·

130 539 173 602 ris
192 541 378 621 reliquerint,
398 558 469 620 quas
487 534 636 599 invidiosa
656 555 702 597 tot
722 538 898 601 saeculorum
919 558 1085 606 exactorum
1100 561 1226 603 vetustas
1238 562 1290 605 no·

123 618 179 687 ,bis
197 621 306 702 eripuit
319 658 336 690 ‚-
348 639 475 701 quasque
494 620 622 679 Fortuna
643 637 701 679 una
724 639 791 680 curn
819 620 907 683 Rom
927 620 1057 701 Imperio
1084 622 1287 687 subvertit,ac

129 715 247 763 mutum
266 719 330 766 nou
349 700 468 781 penitus
485 698 614 761 abolevit
628 742 636 757 .
648 698 749 778 Quod
769 701 946 765 documento
967 701 1103 763 litteratis
1125 702 1288 765 nonnullis·

126 800 192 843 csse
210 783 338 864 poterit,
359 800 418 861 quo
437 779 613 861 praejudicia
633 798 682 840 sua
702 780 867 863 deponunt,
889 777 1049 863 falsumque
1069 800 1203 863 reputent
1230 783 1286 847 sn·

121 861 214 923 ‚lustii
233 862 330 926 illud:
346 859 390 938 (a)
410 860 518 939 Ingenii
534 860 681 935 praeclara
701 860 810 937 Opera,
832 879 865 920 ut
891 864 1033 927 animm,
1053 863 1220 928 immortalia
1248 882 1287 922 es·

123 960 178 1005 set
199 942 386 1025 quodlrideo
405 962 423 1003 a
443 940 579 1023 plurimis
599 940 640 1019 (b)
661 941 841 1003 inculcatum
854 959 903 1007 ‚et
930 959 1098 1023 usurpatum
1118 942 1153 1003 in
1174 942 1285 1003 studio·

120 1042 196 1085 rum
215 1042 333 1085 suorum
353 1020 787 1093 commendationem.Videret
807 1042 914 1105 nempe
932 1022 1136 1093 Sallustius,et
1155 1025 1286 1105 quicum

125 1122 163 1163 eo
184 1104 370 1184 estantiquis
389 1118 561 1169 senserunt,
579 1102 606 1163 si
626 1102 663 1163 ad
683 1103 776 1163 uitam
797 1121 1018 1175 revocarentur,
1039 1121 1069 1164 et
1088 1100 1166 1163 lrunc
1192 1103 1285 1179 Sylla·

126 1182 194 1244 brem
214 1183 306 1266 legere
322 1182 651 1264 ,nondedignarentun
660 1201 720 1243 non
732 1182 812 1265 plura
825 1183 920 1246 solum
934 1184 1086 1271 ingeniosa
1099 1204 1199 1245 eorum
1213 1186 1287 1266 Ope·

122 1283 173 1333 ra,
190 1264 244 1323 sed
263 1278 294 1321 et
313 1262 538 1342 innumerabilia
558 1263 722 1345 aequalium
742 1284 880 1331 suorum,
900 1280 935 1325 ut
953 1268 1042 1326 etiam
1064 1262 1212 1334 aliorum,
1232 1265 1284 1344 qui

121 1362 193 1403 cum
213 1340 289 1406 fama
306 1343 488 1413 ,eruditionis
510 1344 579 1417 illos
598 1363 831 1426 praecesserunt,
854 1362 905 1407 aut
925 1344 1079 1426 postellus
1105 1345 1284 1414 floruerunt,

118 1422 174 1481 .ch
195 1424 338 1503 petiisse,
358 1422 405 1483 sel
430 1424 532 1507 ignota
552 1444 611 1487 este
623 1426 633 1485 .'
652 1420 853 1509 Agnoscerent
873 1425 1013 1507 iusuper,
1033 1425 1171 1487 litteraria
1197 1445 1287 1507 quan·

120 1503 237 1565 sumtis
258 1505 466 1583 pretiosissima
486 1506 602 1587 Opera,
618 1522 651 1565 ut
671 1504 887 1577 ortum.ita,et
906 1526 1050 1575 occasum,
1063 1526 1123 1567 non
1144 1526 1223 1590 secus
1243 1525 1285 1569 at·

118 1602 184 1662 que
203 1583 259 1645 alia
271 1586 425 1653 ,Fortunae
445 1585 544 1655 bona,
565 1586 683 1647 taudem
705 1585 825 1648 babere:
846 1586 978 1671 illudque
998 1588 1184 1649 verissimum
1204 1608 1287 1673 repu-

109 1677 246 1734 τεῖσαι,
266 1664 346 1745 quod
367 1663 419 1725 sub
438 1685 560 1745 persona
580 1664 757 1751 Pythagorae
776 1668 886 1728 cecinit
905 1666 1034 1729 Ouidius
1054 1668 1115 1745 (t).

296 1744 417 1819 Tempus
434 1747 506 1804 edax
525 1766 635 1818 terum,
658 1765 742 1824 tuque
761 1750 899 1807 invidiosa
919 1765 1056 1819 uetustas,

284 1824 387 1882 Omnia
407 1826 568 1899 destruitis,
590 1829 746 1904 vitiataque
765 1830 892 1887 dentibus
910 1828 994 1898 aeui,

284 1904 443 1965 Paullatim
462 1907 539 1967 lenta
560 1908 720 1967 consumitis
740 1910 830 1967 otnttia
850 1924 955 1968 morte.

117 1982 202 2045 Illud
222 1979 419 2047 nihilominus
440 1984 517 2047 mihi
538 1988 629 2049 valde
643 1990 750 2049 mirum
778 2009 821 2048 est
838 2032 846 2059 ,
866 2006 895 2049 et
917 1987 1033 2049 Lectori
1060 1983 1148 2067 hujus
1167 1981 1285 2066 Sylluii

118 2061 182 2123 fore
202 2062 341 2135 arbitror,
363 2067 426 2125 anti
447 2087 500 2127 uos
521 2070 672 2149 primarios
684 2108 692 2135 ,
704 2086 733 2129 et
753 2083 912 2129 summates
932 2068 1097 2138 Romanos,
1114 2072 1203 2131 tantis
1215 2066 1285 2149 opi·

115 2143 197 2212 bus,
217 2144 384 2207 etdtliciis
402 2086 569 2220 aliuentes,
590 2167 636 2209 tot
665 2149 792 2231 negotiis
819 2150 1012 2217 domesticis,
1033 2149 1171 2211 ciuilibus
1186 2148 1286 2215 ‚mili⁴

118 2222 231 2283 taribus
252 2224 376 2303 publicis
396 2228 561 2302 distentos,
583 2248 643 2289 tam
664 2230 796 2310 impense
816 2231 850 2290 in
870 2230 980 2289 litteras
991 2228 1177 2300 incubuisse,
1192 2249 1222 2288 ac
1236 2246 1282 2289 tot

105 2304 217 2381 sspesa
238 2304 419 2378 lucubrasse,
440 2310 544 2389 quibus
564 2308 736 2390 disciplinas
757 2330 859 2369 omnes
879 2312 1019 2391 ingenuas
1046 2309 1232 2378 excoluisse,
1252 2328 1283 2369 ct
1324 2325 1326 2327 ·

114 2381 279 2445 illustrasse
291 2386 391 2466 palam
412 2386 536 2459 fatiunt,
546 2389 621 2471 quin
641 2391 677 2449 de
697 2390 802 2451 eorum'
818 2390 1003 2472 eruditione,
1024 2407 1052 2450 ct
1074 2388 1213 2473 singulari
1234 2388 1283 2448 do·

118 2463 219 2525 ctrina
238 2464 383 2550 ambigere
403 2488 457 2529 nos
476 2472 594 2543 sinant.

107 2584 116 2616 s
159 2543 199 2603 X.
221 2544 353 2685 Superest
375 2568 478 2620 nunc,
499 2568 533 2613 ut
555 2553 587 2613 in
608 2548 665 2613 fine
685 2549 774 2632 hujus
796 2548 1151 2615 Praefatiouisnonnulla
1179 2568 1281 2635 mone·

116 2625 257 2715 amstqui
277 2646 309 2685 us
329 2628 441 2711 aliquot
462 2632 625 2713 scrupulis,
646 2651 677 2692 et
695 2632 794 2693 dubiis
814 2653 983 2696 occurram.
1005 2648 1031 2692 r.
1044 2636 1201 2694 Auctorem
1222 2628 1278 2689 hoc

116 2701 260 2777 Spectmen
280 2710 381 2767 ueteris
401 2711 485 2769 Rom.
499 2714 675 2773 litteraturae
685 2730 739 2773 cet.
762 2712 912 2788 Syllabum
933 2714 1025 2775 etiam
1046 2713 1280 2775 Historicum‚et

115 2782 250 2843 Crititurn
270 2788 411 2868 appellare
426 2835 434 2861 ,
452 2810 517 2851 nun
538 2794 616 2874 quod
636 2813 736 2854 eorum
756 2795 919 2861 omnium,
942 2812 1064 2873 quorum
1093 2793 1216 2851 nomina
1236 2807 1284 2849 at·

112 2862 212 2933 mit,
231 2862 408 2940 historiam,
428 2890 459 2931 et
477 2874 578 2937 crisim
598 2868 713 2943 afferat,
733 2892 782 2933 seu
801 2873 948 2947 judicium
961 2892 1044 2932 suum
1059 2872 1279 2949 ,aurantiquo-

110 2962 197 3011 nrm,
219 2944 376 3009 decorum
398 2951 553 3024 doctrina,
573 2974 605 3015 ac
625 2956 731 3015 merito
752 2954 786 3013 ab
808 2955 850 3012 eis
869 2953 1016 3013 editorum
1037 2953 1166 3033 Operum
1186 2950 1288 3033 intem.

115 3027 282 3102 ponat.De
301 3032 454 3093 nonnullis
476 3052 600 3115 namque
621 3034 715 3096 solum
736 3036 894 3095 Litteratos
913 3030 1053 3103 fuisse,et
1064 3034 1220 3112 Scriptores
1236 3049 1272 3089 ex

113 3103 290 3168 testimonio
309 3112 489 3191 aequalium,
510 3116 557 3175 vel
577 3135 640 3175 non
660 3115 756 3175 multo
777 3116 988 3195 posteriorum,
1003 3114 1055 3195 qui
1074 3129 1175 3173 eorum
1195 3109 1272 3172 lucu·

110 3181 279 3253 bassones,
297 3210 365 3250 cum
386 3194 537 3255 exstabant
550 3240 558 3265 ,
572 3216 678 3257 versare
700 3211 857 3276 potuerunt
869 3240 878 3266 ,
890 3194 1070 3275 exploratum
1083 3191 1185 3257 habeta
1198 3192 1273 3272 quita

113 3281 218 3323 sotum
243 3271 377 3349 patriam,
388 3272 607 3353 professionem,
620 3278 750 3369 Scripta,
771 3292 800 3339 et
820 3294 882 3336 acta
902 3296 937 3335 ex
956 3275 1018 3334 illis
1036 3273 1170 3353 colligere
1196 3287 1275 3331 certo

115 3348 268 3423 potuerit,
289 3370 356 3412 cum
376 3354 413 3414 de
433 3354 472 3417 iis
491 3353 572 3423 nibil
590 3357 637 3417 illi
658 3356 781 3422 ducant.
802 3356 849 3417 De
867 3355 934 3417 aliis
957 3372 1028 3415 nota
1046 3352 1142 3418 solum
1162 3373 1206 3415 est
1224 3352 1272 3430 lte,
1338 3381 1340 3384 ’

151 3652 194 3734 (a)
214 3654 336 3722 sanun.
356 3662 435 3723 intro
455 3664 525 3727 san
544 3662 734 3751 tugunmn.
945 3741 949 3747 ,
1303 3661 1307 3665 ’

152 3735 198 3829 (b)
219 3738 254 3797 L.
273 3739 337 3802 Sen.
358 3744 387 3802 in
407 3746 526 3807 Consul.
546 3748 583 3808 ad
604 3748 762 3828 Polybium
782 3768 806 3813 c.
827 3750 882 3814 uit.
903 3746 1038 3814 Muttl.
1061 3769 1110 3813 to·
1129 3763 1215 3853 Epig.
1236 3764 1268 3836 ti

111 3814 191 3878 Plan.
214 3820 295 3881 Ceret.
317 3823 336 3883 Ι.
358 3847 388 3898 4.
407 3828 501 3908 Epist.
514 3828 754 3897 adMaximum.
1088 3874 1093 3883 ·
1245 3839 1250 3845 ⁵

150 3899 196 3978 (c)
217 3900 495 3989 Metamorphoseon
514 3907 538 3995 1,
558 3926 609 3986 15.

963 3983 1195 4060 ''ut-
