3317 4817
240 394 242 396 -
631 344 678 407 lv
1119 369 1147 410 -1
1277 376 1279 380 ·

46 419 50 424 ⁷
89 435 192 505 Iubae,
212 426 303 517 pteris
323 423 492 498 Ptolemaei,
513 421 564 509 qui
584 427 695 508 primus
715 419 830 508 utrique
849 425 1044 492 Mauritaniae
1058 372 1234 514 imperddit,

88 519 177 599 deque
198 535 234 575 to
253 515 316 582 ait,
338 509 471 572 doctrina
490 507 640 568 clariorem
661 505 749 567 fuisse
763 527 870 589 ,quatu
891 529 999 593 regno.

97 607 100 613 ’
266 609 270 614 ’
530 587 713 646 corollarium
733 585 794 646 ΙΙΙ.

125 676 255 739 Jrrdices.
275 672 359 734 Olim
380 669 516 732 iudicum
537 687 656 728 munere
667 669 815 729 Senatores
826 669 937 742 Romae
956 667 1148 755 fungebantur
1163 723 1169 735 .
1183 679 1235 738 Po·

91 776 145 818 stes
166 742 217 817 an.¹
229 757 266 814 V.
277 757 312 814 C.
326 763 393 830 ⁶3²·
404 753 437 810 C.
451 753 558 829 Sempr.
572 746 727 822 Gracchus,
735 748 816 810 Trib.
827 749 867 830 pl.
879 751 970 834 legem
992 753 1071 823 tulit,
1082 775 1137 836 qua
1156 757 1237 818 Judi.

77 840 127 898 tia
147 837 187 896 ad
207 836 326 917 Equites
346 831 462 892 fuerunt
482 828 635 898 translata,
650 829 731 908 quasi
752 849 852 909 parurn
872 848 1009 901 caste,et
1028 837 1104 908 juste
1124 840 1235 898 aSena·

88 916 198 978 roribus
219 930 430 975 exercerentur.
452 913 561 969 Vtrum
582 927 629 968 an.
650 909 687 966 V.
702 909 738 968 C.
758 918 825 986 ⁶⁶3·
848 911 967 970 Senatus
994 913 1099 974 iterum
1120 917 1235 977 Judicia

86 997 138 1056 sibi
157 995 344 1063 vindicarit,
366 993 433 1073 quia
454 1010 555 1072 parum
575 991 623 1047 int
672 1009 687 1047 a
707 985 763 1048 fide
782 989 818 1048 ab
838 991 995 1071 Equitibus
1014 999 1162 1064 exercita,
1186 991 1235 1058 ¹ad·

85 1078 201 1136 nitente
219 1078 263 1135 Μ.
284 1074 373 1134 Livio
392 1073 502 1139 Druso,
522 1069 604 1130 Trib.
627 1067 700 1149 peb.
714 1111 723 1136 ,
736 1070 787 1153 qui
806 1070 948 1152 populum
969 1073 1002 1132 in
1022 1075 1142 1155 Equites
1162 1096 1233 1138 con·

84 1159 204 1218 citarit.
223 1159 352 1213 Demum
371 1170 459 1232 aequa
478 1169 513 1207 tx
534 1166 634 1229 parte,
656 1147 717 1231 lege
737 1150 813 1219 lm,
835 1150 949 1212 ludicia
961 1173 1056 1292 lpenta
1075 1159 1231 1224 Senatum.

76 1255 112 1294 .et
130 1239 300 1317 Equestrem
321 1233 464 1292 Ordinem
485 1227 618 1288 ficerunt:
639 1247 727 1308 penes
751 1251 815 1306 300.
837 1244 942 1312 nempe
987 1236 1081 1314 quites
1093 1283 1101 1307 ,
1114 1255 1143 1296 tt
1163 1238 1233 1298 toti·

86 1317 148 1376 dem
170 1319 334 1376 Senatores.
354 1313 416 1372 Cic.
438 1308 562 1384 Philipp.
588 1329 615 1370 s.
638 1310 884 1391 negac‚Judicert's
905 1331 965 1373 esst
984 1311 1089 1394 posse,¹
1106 1319 1158 1397 qui
1179 1317 1235 1376 lin·
1298 1313 1300 1316 ’

35 1448 39 1454 .
86 1417 187 1480 guam,
204 1414 310 1463 mores,
326 1409 355 1452 et
375 1392 400 1450 le
419 1410 449 1450 es
469 1391 556 1448 Rom.
578 1390 712 1468 ignoret.
732 1390 770 1448 In
781 1391 858 1449 Foro
877 1393 1023 1454 Praetores
1043 1396 1156 1458 Judicia
1176 1417 1234 1458 una

86 1497 148 1536 cum
170 1467 292 1535 delectit
310 1412 461 1532 radiabas
487 1469 675 1537 exercebant,
696 1486 726 1528 et
745 1467 798 1529 bae
823 1491 935 1555 caussae
957 1472 1091 1535 Forenres
1111 1477 1233 1558 appella·

85 1556 207 1615 bantur.
222 1551 418 1615 ln‘Subselliis
438 1548 637 1610 exercebantur
657 1550 773 1610 minora
785 1551 900 1611 Judicia
912 1553 1125 1626 Tribunorum,
1139 1559 1233 1636 Quae·

87 1653 213 1699 storum,
226 1633 396 1702 Aedilium,
407 1633 531 1692 aliorum
539 1672 551 1688 .
564 1631 609 1690 Ita
621 1630 766 1690 Asconius
779 1675 786 1689 .
799 1633 836 1690 In
848 1633 962 1693 Rostris
975 1633 1110 1696 Oratores
1122 1656 1233 1702 caussas

86 1714 253 1791 judicandas
273 1712 411 1771 orabant.
433 1714 470 1769 In
484 1709 571 1770 Curia
590 1712 754 1778 Senatores,
775 1728 804 1771 et
825 1713 975 1791 Principes
995 1715 1126 1776 ciuitatis
1147 1715 1184 1776 de
1196 1737 1238 1776 re·

87 1794 151 1875 pub.
171 1792 403 1853 administranda
422 1792 499 1850 inter
520 1809 549 1848 se
569 1790 713 1873 agebant,
735 1789 786 1849 ubi
807 1788 915 1850 multae
940 1791 1087 1853 Orationes
1108 1815 1159 1876 pru
1181 1812 1236 1864 ,tt

85 1891 204 1942 contra,
225 1873 262 1932 de
281 1873 409 1954 negotiis
428 1868 608 1954 gravioribus
629 1888 694 1949 post
714 1871 876 1930 Consulum
897 1870 1071 1939 relationes,
1090 1872 1236 1936 habeban-

85 1970 129 2013 tur
150 1956 227 2012 inter
248 1949 428 2033 proferendas
449 1949 623 2009 sententias.
638 1949 684 2007 De
703 1949 785 2010 rebus
800 1950 926 2009 minoris
938 1954 1083 2013 momenti
1095 1955 1239 2019 Centum·

87 2036 151 2101 riri,
172 2033 277 2092 delecti
291 2053 326 2090 ex
345 2028 746 2110 omnibusTribubus,quae
771 2052 815 2107 35.
836 2047 939 2100 erant,
959 2033 1035 2091 terni
1055 2053 1089 2092 tx
1111 2034 1235 2118 singulis

86 2112 231 2172 Tribubus
252 2111 580 2186 judicabant,Praetore
601 2110 746 2188 praeside,
759 2127 789 2170 et
809 2107 861 2169 hat
880 2129 992 2172 caussae
1015 2111 1235 2177 centumvitales

87 2191 271 2251 dicebantur.
293 2193 336 2250 Ex
358 2193 427 2250 Plin
447 2191 529 2249 Caec.
551 2193 705 2259 novimus,
726 2210 857 2271 processu
879 2193 1018 2271 temporis
1045 2191 1098 2252 hos
1118 2193 1233 2254 Iudices

86 2273 120 2330 ad
143 2280 209 2330 180.
230 2288 395 2330 numeratos
415 2267 517 2329 fuisse.
536 2267 585 2326 Ad
604 2289 653 2328 eos
674 2270 826 2349 spectabat,
848 2270 974 2348 judicare
996 2270 1031 2330 de
1052 2273 1231 2338 stillicidiis,

86 2369 113 2409 et
132 2351 345 2419 alluvionibus,
365 2351 401 2409 de
421 2348 592 2428 parietibus,
614 2367 644 2408 et
663 2349 845 2419 luminibus,
867 2349 903 2409 de
924 2353 1170 2432 usucapionibus,
1195 2353 1231 2412 de

86 2431 261 2510 mancipiis,
286 2431 322 2490 de
342 2431 443 2498 nexis,
471 2429 507 2488 de
527 2429 712 2512 gentilitate,
736 2430 772 2489 de
793 2431 995 2500 testamentis,
1017 2448 1046 2489 tt
1066 2433 1153 2492 aliis.
1185 2433 1231 2493 Ita

86 2511 147 2570 Cic.
168 2513 189 2568 l.
206 2531 230 2566 r.
241 2511 274 2568 de
295 2510 376 2568 Orat.
397 2512 475 2570 Haec
494 2508 595 2568 omnia
616 2508 750 2568 indicant
764 2554 772 2578 ,
787 2512 951 2579 Senatores,
964 2527 993 2569 et
1006 2511 1125 2591 Equites
1145 2512 1231 2572 luria-

89 2591 196 2669 peritos
215 2587 317 2650 fuisse.
339 2592 375 2648 ln
396 2589 557 2668 provinciis
578 2587 766 2649 erant'etiam
788 2586 920 2658 ludices,
934 2591 985 2669 qui
1006 2591 1113 2670 Larino
1126 2612 1237 2656 sermo·

88 2688 125 2727 ne
144 2669 255 2730 Judicia
284 2668 469 2729 exercebant.
498 2668 637 2728 Claudius
657 2669 758 2728 Caesar
778 2669 896 2739 tirum,
920 2669 1044 2728 Graecae
1065 2671 1238 2736 Provinciae

88 2749 375 2830 principem.Latini
396 2748 537 2808 sermonis
559 2769 657 2828 parum
678 2769 812 2829 gnarum,
831 2767 894 2806 non
915 2747 1008 2806 solunt
1022 2747 1087 2808 albo
1098 2751 1233 2810 iudicum

88 2829 191 2897 erasit,
213 2829 262 2888 sed
290 2831 373 2889 etin
394 2829 629 2910 peregrinitatem
650 2829 786 2912 redegit,
807 2847 857 2886 seu
876 2832 937 2906 jure
958 2830 1106 2889 Romanae
1128 2830 1240 2888 Civita-

87 2909 125 2966 tis
145 2909 291 2988 pritauit.
315 2912 361 2968 Ita
380 2911 457 2972 Suet.
470 2911 504 2966 in
519 2906 638 2966 Claudio
660 2915 779 2984 cap.16.
800 2906 878 2981 Vide
888 2906 1084 2966 Corrollariurn
1098 2907 1184 2966 XIV.
1199 2909 1234 2970 in

86 2986 179 3046 littera
200 2988 231 3046 C.
244 2990 353 3048 Contra
366 2988 480 3048 Iudices
493 3031 501 3055 ,
512 2987 583 3126 gui,
597 2987 643 3046 vel
663 2987 825 3070 gratia,tel
838 2987 959 3067 pecunia
978 2989 1107 3070 corrupti
1129 2989 1237 3064 judica·

87 3065 170 3136 bant,
189 3068 296 3128 multae
326 3069 400 3148 leges
420 3068 492 3126 latae
526 3083 631 3126 uerunt
649 3085 699 3134 ,et
719 3086 817 3150 graues
837 3087 945 3149 poenae
966 3085 1110 3131 statutae:
1136 3088 1234 3131 rerum

89 3146 240 3207 Petronius
261 3147 380 3208 canebat
400 3145 436 3206 de
454 3147 499 3207 sui
519 3144 731 3208 aeriEthnicis
752 3147 913 3225 judicibus:

245 3270 322 3350 Quid
337 3270 450 3349 ferirent
470 3271 563 3349 leges,
585 3272 632 3330 ubi
652 3274 713 3330 sola
737 3275 857 3348 pecunia
877 3291 993 3350 regnat,

288 3351 353 3408 Aut
374 3354 419 3410 ubi
434 3370 587 3428 paupertas
607 3353 716 3413 vincere
737 3354 817 3411 nulla
832 3365 953 3428 potest?

163 3435 167 3445 '
244 3431 305 3507 Ipsi
324 3433 372 3507 qui
392 3434 492 3507 cynica
512 3433 659 3491 traducunt
689 3449 810 3508 tempora
829 3451 932 3496 coena,
1018 3459 1021 3465 ·

286 3511 491 3587 Nonnunquam
511 3513 629 3570 nummis
649 3513 766 3572 uendere
781 3513 865 3573 verda
885 3512 993 3578 solenes

249 3591 330 3667 Ergo
346 3591 479 3669 judicium
500 3594 540 3650 nil
560 3609 611 3660 est,
632 3591 686 3650 nisi
702 3594 818 3667 publica
837 3609 952 3660 merces,
1027 3621 1031 3628 ,

286 3669 384 3746 'Atque
403 3691 484 3750 eques
503 3673 532 3731 in
552 3689 668 3737 caussa,
681 3675 729 3749 qui
749 3673 832 3744 sedet,
845 3688 938 3748 empta
953 3673 1055 3748 probet
1066 3679 1075 3731 .“

130 3791 221 3861 Iulia,
243 3792 369 3874 Augusti
388 3794 515 3854 Caesaris
535 3791 617 3861 filia,
639 3793 784 3876 Agrippae
805 3783 1005 3875 stamparum
1028 3789 1154 3874 pudica.
1174 3812 1233 3856 rua·

89 3887 148 3950 gno
166 3873 310 3955 ingenio,
331 3873 493 3933 litterarum
513 3892 631 3940 amore,
651 3890 682 3932 et
701 3875 867 3938 eruditione
891 3871 1036 3955 praedita.
1058 3871 1137 3965 Vide
1155 3891 1227 3966 quae

91 3951 128 4008 de
147 3968 288 4088 eapnarralt
306 3954 435 4016 Macrob.
456 3955 477 4014 l.
491 3974 518 4014 r.
531 3951 645 4016 Satura.
663 3969 688 4012 t.
702 3975 747 4032 n,
762 3955 812 4016 ubi
830 3953 914 4036 plura
932 3959 994 4047 ejus¹
1006 3953 1086 4034 dieta
1099 3971 1235 4034 ingenio-

193 4051 240 4090 ars
284 4075 292 4094 .
1055 4054 1070 4111 z
