3317 4817
468 354 505 418 78
981 342 1036 409 cll

427 427 566 487 Carmina
587 426 696 510 magica
717 424 819 487 timere
840 446 870 488 se
890 423 976 510 fingit
996 432 1120 498 Horas,
1138 422 1192 508 qui
1207 444 1276 488 nm
1297 414 1466 488 butillarius.
1481 429 1573 512 ‘Eupo
1644 481 1645 502 .

431 508 479 567 nit
499 510 569 573 Hor.
579 508 645 569 Ode
670 530 692 580 5.
714 506 852 568 veneficas
871 530 943 569 arces
964 511 1119 591 Sagarrrrn.

468 588 729 655 eaninarsffloera,
750 590 802 668 qui
822 610 904 647 versu
924 588 1063 650 scribebat
1083 588 1198 647 Bellum
1219 605 1316 647 contra
1336 587 1436 657 Deos,
1458 608 1505 649 seu
1523 589 1572 647 Gi·
1644 573 1645 648 ff

1644 713 1645 760 l

408 662 410 665 ’
424 666 650 743 gancomacdiam
664 711 670 725 .
683 668 731 726 nd
745 690 812 729 eum
833 688 877 727 est
897 668 989 742 Epist.
1002 670 1080 729 Plin.
1092 669 1216 729 Caecilii
1234 669 1283 727 lib.
1296 683 1324 727 a.
1336 714 1344 739 ‚
1356 689 1411 751 qua
1431 688 1500 729 eum
1510 666 1571 727 bor·

430 764 523 815 tatur,
546 763 578 805 ut
599 765 695 830 pergat
717 749 857 817 scribere,
880 768 909 807 et
919 751 1003 832 Opus
1021 749 1165 811 absolvat.

468 828 608 884 Candidus
629 828 708 901 (lul.
725 829 753 903 ),
770 830 824 887 Vir
844 828 1007 899 litteratus,
1025 834 1107 906 cujus
1126 846 1170 889 est
1189 828 1302 889 dictum
1323 828 1398 888 illud
1418 847 1481 887 non
1498 827 1575 887 inre·
1631 843 1645 878 ·3

427 926 547 968 nuscum
570 928 585 965 a
607 908 707 965 Plinio
728 910 833 969 Caecil.
845 911 967 971 citatum
981 911 1001 971 l.
1011 930 1037 973 s.
1050 910 1177 986 saza:
1193 910 1284 968 Aliud
1306 930 1365 967 esse
1376 910 1574 989 Loquentiarn.

418 987 505 1047 'aliud
519 987 740 1066 Eloquentiam:
761 1004 819 1067 quo
842 990 958 1049 videtur
979 989 1109 1069 probasse
1128 990 1240 1049 dictum
1252 989 1398 1052 Sallustii,
1417 1008 1434 1046 a
1455 988 1575 1046 nonnul·

418 1068 462 1127 'lis
485 1085 628 1135 notatum,
649 1068 685 1131 de
705 1068 835 1132 Catilina
854 1070 1000 1132 dicentis:
1022 1072 1057 1129 in
1076 1089 1111 1131 eo
1130 1066 1218 1130 finisse
1230 1070 1300 1129 saris
1321 1068 1506 1145 loquentiu:
1524 1067 1576 1126 Sa·
1644 1117 1645 1144 p

417 1136 549 1235 'pientiae
564 1166 684 1224 parum.
1267 1197 1270 1201 .

462 1224 574 1289 'cantur
596 1224 612 1301 (
627 1229 706 1309 C),
727 1230 820 1309 Eques
841 1229 1035 1293 Rom.·valde
1067 1228 1150 1289 dives
1173 1274 1181 1297 ,
1203 1248 1265 1290 non
1296 1224 1433 1287 iniectus
1452 1270 1461 1297 ,
1480 1244 1510 1287 ee
1538 1247 1574 1289 sa«

393 1353 395 1357 .
426 1308 467 1367 tis
496 1308 661 1377 litteratus,
694 1305 752 1370 fuit
781 1310 895 1369 delusus
927 1329 955 1368 a·
969 1308 1073 1373 Pithio
1100 1310 1226 1391 quodam
1255 1312 1449 1387 Syracusano,
1468 1310 1520 1387 qui
1547 1310 1576 1369 ei

427 1387 529 1446 villam
551 1388 703 1479 vendidit.
719 1390 793 1451 Rern
815 1404 909 1452 narrat
929 1390 991 1452 Cic.
1006 1390 1027 1449 l.
1046 1412 1072 1461 3.
1086 1392 1121 1449 de
1141 1386 1246 1469 Officiis
1266 1408 1292 1470 ⁶:
1312 1402 1340 1445 s.
1360 1390 1412 1447 Est
1431 1388 1521 1471 digna
1540 1388 1578 1448 lc·

426 1486 476 1530 ctu
498 1485 637 1531 narratio.

473 1547 598 1619 Canius,
620 1549 785 1619 Gaditanus
816 1551 928 1617 Poeta,
950 1550 1006 1609 Vir
1024 1548 1183 1609 admodum
1213 1545 1341 1611 facetus,
1360 1546 1413 1629 qui
1446 1565 1477 1605 ee
1502 1546 1576 1607 alios

426 1623 539 1686 facetiis
559 1628 619 1691 suis
638 1630 674 1691 ad
694 1630 784 1689 risum
806 1628 968 1702 excitabar,
989 1648 1019 1692 et
1051 1630 1113 1713 ipse
1133 1648 1244 1711 semper
1262 1627 1394 1689 ridebat.
1416 1629 1461 1687 Its
1488 1629 1574 1687 Mart.

427 1708 476 1769 lib.
496 1732 518 1787 3.
530 1707 626 1783 Epigr.
640 1708 676 1766 de
695 1729 730 1770 eo
751 1710 871 1772 dicens:

478 1861 481 1865 Ι
594 1786 642 1849 Vas
663 1790 749 1854 scire,
770 1790 836 1863 quid
855 1806 925 1866 agat
949 1790 1053 1851 carius
1078 1799 1168 1849 suras!
1188 1788 1277 1849 ridet.

426 1870 493 1929 Hoc
515 1866 611 1950 Epigr.
632 1868 760 1936 indicat,
783 1889 850 1927 euru
871 1870 1075 1948 doctissimum
1096 1865 1184 1928 fuisse
1203 1912 1212 1937 ‚
1234 1884 1263 1926 ct
1290 1866 1437 1946 insignem
1457 1868 1577 1926 Poetam

410 2015 415 2025 ,
427 1948 550 2027 Epirum
564 1992 572 2015 ,
586 1946 1323 2033 Tragicum,E1egiacum,Historicurmvideaua
1343 1948 1380 2007 de
1400 1945 1487 2005 casio
1507 1950 1579 2006 Ver·

415 2027 466 2111 'ibo
487 2026 584 2109 Rufus
603 2028 637 2088 in
655 2028 694 2090 R·
805 2060 806 2063 ’
893 2041 897 2048 ’

715 2108 716 2111 ’
878 2107 1062 2168 corollarium
1083 2108 1126 2167 11.

355 2243 360 2255 ,
470 2186 594 2250 canones
608 2187 756 2247 innumeri
768 2188 981 2257 Consiliorum,
990 2205 1055 2248 tum
1068 2187 1254 2271 generalium,
1263 2206 1327 2247 tum
1336 2185 1574 2268 provincialium,

429 2283 459 2326 er
481 2268 691 2348 particularum,
702 2268 792 2329 latine
811 2270 919 2330 exarati
939 2287 1007 2330 ante
1027 2269 1156 2343 Honorii
1176 2288 1347 2336 excesssum,
1368 2262 1479 2325 desid:
1500 2270 1579 2325 inter

427 2367 500 2429 quos
522 2347 609 2410 multi
629 2367 754 2413 canones
773 2348 903 2408 Concilii
915 2350 1039 2409 Nicaeni
1060 2351 1082 2408 1.
1095 2393 1102 2417 ‚
1114 2352 1195 2426 cujus
1207 2349 1301 2408 solum
1317 2368 1364 2405 20.
1377 2363 1530 2425 supersunt
1541 2365 1578 2403 ex

428 2428 549 2520 antiqua
569 2426 659 2491 latina
685 2428 817 2491 editione
836 2473 843 2487 .
864 2430 1031 2491 Franciscus
1049 2431 1228 2496 Turrianus‚
1249 2428 1356 2486 lesuira
1376 2429 1462 2505 Hisp.
1481 2427 1582 2485 edidis

427 2506 599 2570 versionem
630 2508 679 2571 lat.
702 2510 856 2575 Canonum
878 2510 1000 2569 Nicaeni
1031 2508 1182 2573 Consilii.
1201 2508 1253 2590 qui
1279 2506 1516 2565 desiderabantur
1543 2525 1580 2563 ex

423 2586 550 2649 Arabico
570 2588 727 2670 exemplari
747 2609 799 2654 suo
819 2607 949 2668 ternpore
969 2590 1094 2648 invento
1123 2589 1202 2647 inter
1232 2585 1362 2663 Arabesi,
1388 2584 1495 2666 quibus
1509 2658 1512 2661 ἢ
1528 2588 1583 2645 Ca·

426 2665 554 2729 donibus
579 2669 669 2731 ctiam
698 2670 801 2732 Graeci
827 2668 960 2731 carebant
988 2665 1086 2727 fraude
1116 2668 1291 2727 Arianorum
1314 2688 1323 2730 c
1343 2666 1395 2746 qui
1427 2682 1579 2746 quotquot

425 2765 581 2886 pogerarrr.
600 2748 778 2835 exemplaria
794 2748 869 2811 dicti
888 2748 1018 2811 concilii
1036 2748 1171 2808 'flammis
1201 2744 1375 2817 tradebant,
1394 2744 1442 2806 rel
1475 2745 1583 2805 discer-

389 2854 396 2869 ¹
484 2845 554 2890 ant.
841 2833 843 2862 ³
1036 2880 1040 2887 .
1509 2833 1513 2837 '

428 2847 617 2987 peCurrulejus
637 2910 680 2985 (C
688 2910 726 2987 ),
745 2906 826 2971 Trib.
841 2907 878 2989 pl.
892 2927 938 2970 an.
960 2911 997 2967 V.
1010 2910 1043 2968 C.
1069 2928 1133 2986 309.
1154 2905 1245 2988 legem
1266 2905 1338 2964 tulit
1357 2903 1395 2963 de
1413 2904 1579 2965 connubio

427 2987 619 3051 Patriciorum
639 3009 706 3049 cum
728 2988 871 3056 Plebciis‚
885 3004 915 3047 er
934 2987 969 3047 de
981 2988 1107 3049 Consule
1120 3006 1156 3046 ex
1177 2985 1258 3067 plebe
1269 2984 1435 3069 deligendo,
1456 2982 1584 3043 fremen-

352 3112 357 3121 .
429 3065 510 3128 tibus
530 3068 683 3137 Patriciis,
704 3068 756 3149 qui
776 3069 877 3127 omnia
897 3065 1063 3136 confundi,
1076 3066 1143 3126 latis
1158 3063 1237 3124 bisce
1248 3064 1359 3147 legibus
1371 3110 1379 3132 ,
1393 3064 1583 3124 clamabunt.

428 3145 578 3224 Canuleius
598 3148 678 3209 Orat.
692 3166 743 3227 pro
763 3144 810 3205 his
828 3146 939 3229 legibus
959 3148 995 3210 ad
1015 3146 1156 3230 populum
1177 3142 1333 3214 babuit,et
1345 3160 1422 3203 ratae
1440 3142 1582 3204 fuerunt.

429 3224 507 3285 vide
529 3226 646 3289 Livium
667 3228 714 3286 lib.
730 3247 758 3298 4.
771 3226 851 3288 Hirr.
862 3230 940 3287 Haec
957 3230 1009 3289 Or.
1020 3227 1112 3288 desid.

426 3370 430 3379 ,
471 3302 606 3369 canarius
618 3304 818 3385 (C),Rhetor
832 3323 968 3378 testatur,
989 3327 1019 3366 se
1038 3304 1118 3389 sequi
1129 3304 1162 3365 in
1174 3304 1341 3365 administt.
1351 3305 1585 3386 Repubsecram

429 3382 568 3451 Isaurici.
589 3388 634 3448 Ita
654 3388 730 3445 Suet.
751 3386 787 3449 de
808 3386 927 3451 cram..
946 3403 976 3445 et
997 3385 1081 3449 Rhea,

428 3540 442 3605 ι
471 3466 606 3605 capillo,
627 3468 740 3537 Poeta,
762 3483 796 3529 ut
816 3465 953 3538 ridetur,
973 3466 1140 3552 Elegiaeus,
1161 3464 1198 3525 dc
1225 3481 1284 3546 quo
1310 3464 1404 3526 Ovid.
1423 3464 1462 3524 de
1482 3467 1588 3527 Ponto

444 3570 498 3617 ·4·
544 3548 663 3621 1²³⁶?

472 3626 562 3705 caper
579 3624 595 3699 (
612 3625 728 3689 Flavius
748 3624 781 3700 ),
801 3626 939 3705 antiquus
958 3626 1111 3693 Gramm„
1131 3623 1246 3705 dequo
1265 3626 1291 3683 S.
1305 3624 1408 3692 Hies,
1430 3642 1461 3683 et
1482 3623 1590 3685 Chari-

429 3704 509 3767 sius.
530 3706 683 3789 Ag'raetius
702 3724 830 3775 restatur,
844 3726 910 3767 eum
933 3705 1012 3784 plura
1032 3704 1177 3785 scripsisse
1191 3749 1199 3773 ‚
1211 3722 1241 3762 et
1261 3705 1446 3783 praecipuum
1468 3707 1592 3779 Cicero-

427 3786 477 3845 nis
496 3785 766 3849 commentatorem
782 3782 891 3848 iuisse.
914 3787 1006 3847 Pauca
1025 3794 1110 3867 opera
1131 3783 1214 3858 capa·
1234 3801 1405 3863 supersunt.
1419 3786 1589 3849 &Hieron

429 3866 465 3929 in
488 3888 514 3927 2.
527 3864 672 3942 Apologia
692 3867 721 3926 in
741 3864 873 3945 Rufinum
892 3865 965 3924 citat
986 3865 1201 3926 Commentarios
1222 3864 1325 3937 Capri.

432 3944 574 4087 ECupito
588 3948 696 4088 ‚dalrgr
719 3967 755 4021 ex
777 3945 1010 4009 ‘Accusatoribus
1035 3945 1138 4007 Roscii
1157 3945 1316 4017 Amerini,
1337 3942 1427 4011 acie.
1448 3941 1589 4007 defensi.

457 4029 503 4107 jus
524 4028 575 4088 Or.
618 4028 689 4089 eri.
1132 4035 1134 4038 ’
