3317 4817
741 185 753 222 x
782 173 784 178 ,

367 291 371 298 .
467 319 518 374 “¹
724 305 726 310 ,
840 314 842 317 Ι
982 315 1037 378 m

426 391 541 488 edidit,
561 405 634 456 teste
648 387 852 538 iustinosqui
872 407 908 458 ea.
925 393 958 456 in
979 416 1073 458 unum
1093 390 1174 457 mss
1194 400 1335 482 ntegrum
1359 392 1501 459 tolrmtn
1518 400 1583 460 eor:
1642 392 1643 483 l

426 491 518 536 narrt
538 478 608 537 satis
629 496 782 548 accurate,
817 481 871 538 'cet
892 497 955 538 uon
974 479 1038 539 sine
1058 479 1169 538 damno
1189 478 1346 553 litterariae
1364 477 1497 559 reipub„
1515 499 1582 570 quae
1642 486 1643 515 l

429 553 519 634 Trogi
538 558 683 620 Historias
696 564 831 643 ¹integras
849 561 973 628 amisit,
994 580 1029 619 ex
1049 559 1154 642 quibus
1165 560 1338 641 ampliorem
1352 601 1362 626 .
1374 579 1404 619 et
1417 559 1584 623 luculentio-

425 656 488 696 rem
510 661 538 710 4.
550 643 746 704 maximorum
767 642 847 702 orbis
865 641 982 722 antiqui
1002 642 1196 721 Imperiosum
1226 643 1367 703 notitiam
1395 639 1580 702 haberemus.
1642 638 1643 643 '

428 717 507 779 Plin.
519 721 540 778 l.
556 741 601 778 rr.
612 742 679 782 eum
701 741 785 790 vocat
805 725 1021 784 severissimum
1035 725 1211 782 Auctorem.
1227 724 1263 781 ln
1275 741 1310 781 eo
1321 741 1420 782 tamen
1431 764 1441 791 ,
1452 740 1486 783 ut
1496 725 1582 782 etiam

426 797 464 872 in
482 801 614 871 lustino,
636 803 815 868 desideratur
835 809 927 882 major
938 803 1095 886 diligentia
1113 805 1148 862 in
1159 801 1244 864 rebus
1255 803 1514 868 Hebraeorum.in
1525 805 1583 884 qui·

424 876 478 941 bus
499 885 663 954 narrandis,
677 887 732 945 'rel
754 887 886 970 ignaros.
908 883 954 945 rel
974 885 1127 950 mendaces
1146 904 1175 944 se
1197 885 1334 964 produnt,
1347 885 1440 945 multa
1459 881 1581 948 falsum

424 959 549 1022 ridicula
569 963 657 1025 devea
677 985 788 1050 gente,
808 984 839 1026 st
858 972 921 1044 ejus
939 965 1080 1048 religione
1105 964 1277 1024 tradentes:
1297 966 1377 1046 quod
1404 965 1527 1046 quidem
1546 961 1581 1023 ft-

424 1040 487 1111 cit‚
510 1061 543 1104 ut
560 1062 662 1126 parum
685 1048 848 1108 veridicum
867 1048 903 1106 iu
922 1047 989 1104 aliis
1009 1046 1333 1184 narrandisutrumque
1357 1062 1482 1127 putem.

464 1125 618 1202 Pompilius
630 1127 724 1204 ¹(C),
744 1127 972 1192 smisconsultus
991 1124 1090 1186 haberi
1111 1124 1274 1196 ambiebat,
1305 1127 1364 1186 icet
1383 1129 1510 1207 ingenio
1530 1141 1583 1191 tar,
1642 1168 1643 1175 .

420 1201 493 1272 slus.
514 1226 543 1266 er
565 1207 634 1282 juris
655 1229 755 1289 parurn
777 1210 907 1290 peritus.
923 1209 961 1267 V.
974 1207 1096 1276 Pluuio
1117 1205 1357 1285 Apnpnnnegmbi
1378 1208 1412 1264 de
1435 1206 1578 1265 Cicerone.
1642 1190 1643 1285 l

463 1287 632 1362 Pompilius,
653 1293 775 1373 scriptor
796 1289 976 1373 ingeniosus,
988 1305 1165 1350 memoratus
1182 1309 1200 1349 a
1220 1291 1307 1350 Mart.
1319 1289 1339 1347 l.
1354 1295 1381 1348 6.
1401 1287 1579 1366 Epignlijus
1642 1304 1643 1385 q

419 1366 527 1446 scripta
548 1368 640 1430 desid.
1312 1405 1315 1412 ·
1642 1396 1643 1457 q

435 1503 438 1516 ,
460 1449 684 1523 Pomponianus,
706 1452 769 1513 sire
792 1453 1009 1528 Pompininnus,
1031 1455 1141 1521 Poeta,
1155 1449 1199 1526 ,de
1219 1471 1277 1534 quo
1297 1449 1400 1510 Geli.
1424 1470 1472 1508 ro.
1495 1469 1575 1520 ιιι.
1642 1464 1643 1523 ι

418 1522 540 1590 afferens
560 1533 726 1592 nonnullos
741 1535 920 1610 Pomponiani
941 1554 1055 1601 versus,
1078 1534 1221 1593 uterium
1242 1531 1368 1608 Matrob.
1380 1533 1400 1589 Ι.
1417 1553 1444 1589 r.
1470 1551 1530 1605 cnp.
1550 1555 1576 1601 4.
1642 1544 1643 1551 ¹

418 1607 533 1672 Surum.
553 1631 588 1671 er
616 1614 780 1684 Attella‘na,
802 1615 923 1674 Maeuia
943 1616 1103 1694 inscriptas
1124 1614 1162 1672 Ιιι
1181 1615 1281 1673 Gellio
1300 1632 1344 1672 est
1364 1612 1577 1687 Pompinianus:

419 1690 453 1761 in
474 1693 624 1754 Macrobio
646 1697 869 1770 Pomponianus.
884 1695 1051 1754 Arrellnnue
1063 1692 1099 1754 ab
1119 1693 1181 1753 illis
1199 1694 1304 1754 citatae
1324 1711 1393 1752 sunt
1410 1693 1467 1752 sub
1490 1693 1579 1751 diver.

422 1791 456 1834 so,
469 1773 623 1836 titulo.ln
636 1775 724 1836 citata
745 1799 762 1841 a
782 1777 884 1848 Gellio
902 1778 1055 1836 invenitur
1074 1775 1240 1856 exemplum
1261 1774 1474 1854 adverbiorum¹
1492 1772 1527 1832 ab
1538 1791 1581 1831 an·

423 1853 539 1934 siquis,
559 1876 590 1916 sc
611 1856 700 1916 etiam
715 1857 893 1941 nbAugusto
903 1875 1105 1936 usurpatorum
1114 1854 1502 1931 Diequinri,etDiequnrri.
1590 1893 1593 1900 -

465 1937 650 2010 Pomponius,
673 1956 809 2020 tanquam
833 1941 923 1998 Poeta
943 1937 1044 2021 magni
1064 1938 1214 2007 nominis,
1235 1952 1411 1998 memoratur
1438 1934 1476 1994 in
1497 1934 1578 1992 Dinl.

420 2016 454 2074 de
477 2017 569 2075 Ornrr.
584 2021 620 2076 V.
633 2016 777 2077 Secundus
804 2022 838 2078 in
858 2019 887 2077 S.
902 2022 1009 2080 Nescio
1028 2035 1066 2076 an
1087 2019 1113 2076 is
1134 2020 1174 2077 sit

459 2096 625 2172 Pomponius
645 2098 734 2175 (L),
755 2095 871 2161 Borion.
882 2103 990 2169 Poeta,
1011 2100 1061 2179 qui
1083 2099 1110 2156 fl.
1122 2118 1169 2157 an.
1188 2120 1230 2172 ιο.
1245 2115 1314 2164 ante
1332 2092 1445 2156 Christi
1467 2116 1575 2164 ueram,

362 2228 369 2236 ,
417 2177 535 2258 scripsit
555 2177 721 2238 Aurelianus
734 2227 741 2250 ,
754 2201 874 2261 quarunt
895 2182 993 2244 altera.
1012 2181 1153 2259 inscripta
1164 2177 1331 2245 Aeditimus,
1354 2179 1492 2238 citatura
1513 2175 1578 2236 Gel.

418 2259 441 2316 1.
459 2273 503 2316 ιι.
517 2279 540 2318 c.
563 2281 609 2320 ro.
631 2260 729 2320 Plures
756 2262 826 2322 alias
846 2262 964 2329 edidit,
985 2280 1105 2344 quarum
1126 2255 1259 2343 fragmm.
1283 2259 1378 2320 solum
1398 2277 1577 2338 supersunt.

419 2339 466 2400 De
487 2360 522 2397 eo
541 2343 629 2399 Matr.
645 2341 677 2398 in
699 2340 813 2406 Surum.
829 2345 866 2400 V.
878 2343 990 2400 Nonius
1012 2343 1044 2398 in
1069 2339 1109 2398 N.

460 2421 625 2494 Pomponius
646 2420 825 2497 (M),Trib.
840 2422 888 2502 pl,
896 2441 926 2482 tt
946 2424 1061 2485 Orator,
1071 2421 1151 2480 diem
1172 2422 1252 2480 dixit
1266 2423 1296 2481 L.
1305 2420 1421 2481 Manlio
1433 2439 1488 2488 ,eo
1502 2417 1578 2500 quod

415 2499 551 2560 Dictator
571 2518 699 2570 creatus,
721 2501 784 2560 dies
804 2503 918 2582 aliquot
936 2502 1098 2562 addidisset
1121 2511 1148 2560 6.
1160 2502 1310 2561 mensibus
1328 2505 1503 2577 Dictaturae
1522 2545 1529 2568 ,
1550 2516 1576 2557 et

358 2583 361 2586 ’
418 2581 498 2660 quod
515 2582 622 2664 sl'itum
652 2579 713 2650 fil,
734 2585 784 2662 qui
811 2603 911 2664 postea
937 2587 1100 2663 Torquatus
1120 2577 1178 2641 fuit
1198 2583 1377 2663 appellatus,
1397 2582 1433 2640 ab
1445 2582 1526 2643 Urbe
1545 2581 1577 2640 in

417 2679 466 2720 rus
485 2663 653 2744 relegisset.
676 2665 713 2720 V.
727 2666 788 2724 Cic.
802 2666 836 2722 de
849 2663 905 2742 Offl
916 2665 937 2724 l.
950 2688 977 2734 3.
993 2685 1017 2721 c.
1032 2685 1071 2734 9.,
1084 2663 1135 2722 ubi
1156 2682 1250 2722 narrar
1268 2664 1387 2746 insigne
1407 2664 1478 2732 Titi
1499 2665 1578 2720 Man·

418 2739 454 2806 lii
475 2745 616 2824 Torquati
636 2741 786 2812 charitatis
798 2747 839 2816 in
862 2763 994 2826 patrem,
1014 2745 1067 2826 qui
1087 2765 1153 2819 eum
1174 2745 1358 2826 relegaverat,
1370 2743 1559 2827 exemplum.
1642 2814 1643 2823 ἵ

457 2826 624 2900 Pomponius
645 2825 656 2902 (
678 2827 719 2884 Μ.
731 2828 848 2886 Marcel.
862 2828 893 2901 )-,
914 2827 1064 2898 Granum..
1077 2842 1107 2889 et
1126 2827 1245 2899 Senator
1266 2824 1319 2884 sub
1334 2824 1483 2883 Tiberio.
1503 2825 1578 2884 Huic
1642 2826 1643 2903 l

414 2905 554 2966 tribuitur
575 2905 687 2967 dissum
710 2910 782 2966 satis
801 2908 923 2968 liberum
936 2908 972 2966 ad
985 2908 1055 2966 Tib.
1067 2907 1147 2966 Caes.
1162 2929 1171 2963 ι
1185 2905 1349 2964 Hominibus
1361 2905 1492 2980 quidem,
1515 2904 1578 2962 Cae·
1642 2912 1643 2993 l

415 3005 483 3055 sar,
504 2987 570 3044 dure
589 2988 742 3046 libertatem
760 3007 861 3061 pnres;
882 2987 972 3048 serbis
991 3008 1045 3046 non
1062 3005 1165 3062 potes:
1182 3007 1244 3067 quo
1273 2988 1406 3066 repressit
1438 2986 1575 3057 Atrejum

415 3067 612 3146 Capitonem,
633 3085 803 3147 perpetuum
833 3068 948 3130 Tiberii
968 3069 1167 3144 adulatorem.
1189 3068 1241 3148 qui
1261 3067 1428 3126 consulenti
1451 3065 1576 3126 Tiberio

411 3148 569 3214 Senatum,
589 3165 626 3207 an
649 3147 767 3208 verbum
789 3169 901 3211 novum
915 3195 923 3220 ,
935 3169 993 3229 quo
1007 3170 1073 3209 usus
1086 3147 1187 3212 fuerat,
1198 3151 1338 3214 Latinum
1351 3141 1447 3206 esset?
1460 3165 1578 3226 respon·

411 3227 480 3285 dit:
500 3229 579 3286 mitre
606 3229 711 3287 Caesar
737 3229 788 3287 lios
810 3233 983 3305 scrupulos:
1004 3251 1068 3288 narn
1089 3233 1269 3308 quodcunque
1288 3229 1399 3288 uerbum
1419 3226 1575 3307 proferas,
1642 3246 1643 3303 l

411 3306 498 3366 Illico
519 3308 650 3366 Latinum
665 3309 736 3385 fier.
757 3311 838 3378 Vide
855 3316 932 3374 Suet.
945 3312 1213 3384 delliGramm...
1227 3328 1257 3369 et
1277 3311 1407 3368 Dionem
1428 3307 1482 3366 lib.
1506 3328 1575 3378 17..
1642 3328 1643 3383 ζ

411 3406 438 3448 et
461 3398 506 3451 sn,
522 3379 586 3448 Alil
606 3391 719 3450 dictum
741 3391 815 3452 illud
826 3394 964 3462 tribuunt
977 3395 1120 3472 Pompeio
1131 3392 1275 3460 Marullo,
1290 3383 1395 3450 Poetae
1407 3435 1416 3458 ,
1427 3409 1458 3460 et
1470 3389 1576 3450 Gram-
1642 3394 1643 3431 ἒ

412 3471 521 3531 marito
547 3473 621 3539 Cum
631 3473 796 3548 Pomponius
816 3475 930 3547 orando
949 3491 1092 3546 notasset,
1105 3490 1339 3556 eteraggerasset
1358 3471 1518 3532 aduersarii
1530 3473 1576 3532 So-
1642 3472 1643 3519 l

411 3551 604 3616 lutulentum,
627 3554 866 3622 interstandum
888 3554 924 3614 ab
944 3577 979 3613 eo
998 3547 1301 3624 admissunr,Cassius
1321 3555 1439 3612 Severus
1461 3555 1574 3633 petivit

406 3653 423 3692 a
444 3633 596 3693 iudicibus
616 3633 789 3703 dilationem
811 3638 990 3704 sententiae,
1004 3635 1098 3696 donec
1111 3657 1175 3698 reus
1187 3635 1244 3696 sibi
1255 3635 1495 3695 Grammaticum
1510 3654 1577 3716 pro·

407 3733 538 3783 curaret,-
559 3715 609 3794 qui
631 3713 783 3788 Pomponio
803 3717 1008 3795 responderet.
1125 3772 1127 3777 ,
1253 3767 1257 3774 .
1642 3754 1643 3795 q

446 3795 635 3866 Pomponius,
657 3797 901 3862 Iurisconsultus..
922 3815 952 3855 et
971 3797 1051 3857 Hist.
1066 3798 1182 3880 scripsit
1202 3796 1357 3859 celebrium
1379 3795 1579 3856 Iurisconsul·
1642 3846 1643 3861 2

395 3889 505 3935 'toturn
534 3875 629 3939 Virus.
650 3880 700 3956 qui
709 3873 713 3893 ‘⁴
722 3896 819 3945 tamen
843 3877 1052 3938 nonnullorum
1080 3880 1162 3944 Virus
1183 3881 1398 3961 praetermisit,
1421 3876 1467 3936 rel
1489 3880 1516 3938 si
1539 3876 1575 3940 ab
1642 3876 1643 3939 l

408 3974 447 4016 to
466 3955 747 4036 scriptaeffueruot,
766 3979 845 4022 nunc
865 3960 1013 4022 desidlta
1033 3962 1219 4033 Gravinade
1239 3960 1404 4040 eripiaris
1427 3957 1490 4036 cio,
1642 4030 1643 4045 χ
