3317 4817
62 450 99 505 su
114 432 299 497 eruditorum
317 431 445 519 legium
465 430 674 499 Desiderantut
701 445 804 493 nmen
821 428 896 493 aliae
913 425 978 507 ejus
999 370 1180 498 Orationes,3
1191 443 1223 491 tt

61 518 141 577 inter
160 538 206 577 eas
227 516 347 586 Oratio,
368 534 457 609 quarn
475 514 580 576 habuit
606 516 643 585 in
670 511 856 586 dedicatione
883 510 1001 571 bibliot.
1024 530 1112 579 suae,
1133 529 1222 590 quarn

61 598 177 658 civibus
196 598 401 667 suis2donat1t
413 643 431 669 ,,
443 603 478 659 itt
494 596 616 678 publico
634 612 708 670 esset
728 596 813 663 usui,
835 610 987 673 postquam
1017 590 1110 653 multa
1130 606 1224 655 scuto·

28 687 31 695 ’
61 698 128 739 tum
149 680 244 739 millia
262 677 323 739 illis
341 676 482 763 legasset,
504 694 536 739 ut
556 676 666 739 scholas
687 674 831 755 publicas,
853 672 999 733 accersitis
1018 672 1142 752 optimis
1162 691 1239 747 maa,

82 760 172 829 istria,
191 759 311 820 stabiles
330 758 488 828 habereut.
502 779 539 822 tte
558 761 797 821 Nouocomenses
816 754 876 814 alio
908 757 1025 813 mittere
1052 769 1222 833 cogerentur

61 780 168 900 hbeat
188 861 271 900 suos.
293 839 372 903 Vide
390 849 452 919 ejus
472 841 639 916 Epistulas,
657 857 779 919 quatum
801 834 961 916 plurimas,
983 832 1029 915 tel
1049 832 1154 903 latere,
1174 830 1237 923 nel.

61 921 247 981 intercidisse
264 941 395 991 consur,
410 943 443 983 ut
456 923 543 983 latuit
562 921 634 981 liber
657 918 760 994 ro.,dc
775 936 845 999 quo,
856 918 981 976 invento
992 914 1025 973 in
1038 913 1145 981 Gallia,
1166 913 1238 997 (ἱιιιι
1264 948 1270 955 -

63 1001 231 1062 dubitatum
252 998 333 1072 fnit,
356 1023 455 1064 uuum
483 1003 631 1085 legitimas
649 999 756 1065 Plinii.
775 1016 805 1058 et
822 996 944 1073 Tra-iani
964 994 1110 1069 Epistulas
1130 993 1227 1053 conti·
1250 1064 1253 1068 .
1287 1055 1290 1061 ,

60 1079 333 1154 ncretiMuttialis,
345 1104 432 1165 quern
453 1083 642 1151 decedentem
663 1083 698 1160 in
718 1080 893 1162 Hispaniam
915 1077 1037 1158 pecuina
1052 1074 1225 1145 viaticarit.

59 1180 135 1223 euna
154 1164 267 1245 prolixe
287 1165 407 1226 laudat.
426 1166 510 1227 Intus
526 1165 584 1225 alis
603 1162 672 1223 haec
692 1162 729 1223 de
748 1180 783 1220 eo
802 1161 908 1226 libro.
919 1156 1180 1237 Epigrammutunt.

225 1244 315 1305 Toros
334 1248 385 1304 dut
404 1247 519 1307 ret-tim
539 1247 601 1305 dies
621 1241 797 1312 Mastane,

155 1328 170 1356 ⁶
224 1325 308 1384 Dum
328 1329 549 1387 centurnamlet
569 1324 684 1387 nundus
703 1324 852 1395 vitarunt,

146 1452 150 1460 .
218 1405 287 1465 Hoc
305 1410 380 1484 quid
399 1409 509 1472 secula.-
520 1407 682 1483 metaurus
694 1405 819 1481 possint,

224 1486 342 1561 Arpinis
360 1508 468 1566 quoque
487 1485 795 1563 mtputurecltartis.
1310 1546 1314 1551 ,

58 1566 132 1626 Non
153 1586 169 1624 a
189 1568 276 1626 Mart.
288 1569 403 1638 solum,
425 1568 475 1629 sed
488 1590 519 1629 -tt
546 1567 678 1647 Quintil.
694 1564 868 1630 Mactabis.
888 1578 918 1625 ct
937 1562 1063 1625 Sidonio
1082 1562 1144 1643 ejus
1162 1562 1222 1623 clu-

57 1648 181 1727 queutia
201 1647 348 1709 laudatur.
367 1655 449 1709 Ante
468 1670 520 1712 ao.
531 1652 635 1709 aetatis
653 1668 701 1709 an.
712 1666 822 1708 caussas
842 1644 960 1717 orabat,
968 1644 1129 1726 multasque
1151 1639 1222 1723 Onu

57 1728 150 1785 tiones
170 1725 296 1793 hahuit.
314 1750 403 1809 quae.
415 1748 448 1789 ut
468 1736 530 1808 ejus
548 1729 709 1792 Poenam.
728 1726 822 1788 desid.
1103 1752 1115 1759 ‘

97 1807 290 1879 Plistonices,
298 1811 432 1870 Medicus
441 1810 698 1891 praeclaruscujus
709 1805 1017 1871 memineruntCelsut
1026 1850 1034 1874 ,
1043 1824 1073 1865 ct
1086 1802 1219 1871 Plinius.

97 1888 256 1958 Plotinus,
274 1892 664 1975 aegyptiustuyaopolises,
685 1888 762 1951 Phil.
776 1888 891 1949 Platon.
907 1888 977 1961 clati
997 1886 1130 1953 nominis
1144 1930 1152 1957 ‚
1168 1886 1233 1967 qui¹

54 1971 171 2029 Romae
190 1988 298 2051 magno
316 1992 385 2033 cum
406 1974 507 2053 plausu
526 1968 760 2053 Philosophiam
772 1966 913 2051 professus
933 1985 992 2041 est,
1012 1983 1043 2028 ct
1062 1965 1143 2048 plura
1156 1962 1223 2027 scri·

56 2050 120 2129 psit
139 2049 267 2120 obscura,
287 2051 426 2113 sublimia
443 2072 491 2123 ,et
510 2052 663 2115 intellectu
684 2050 837 2117 difficilia.
858 2050 1017 2119 Auditorcs
1043 2048 1154 2123 Romae
1174 2044 1230 2106 ha.

56 2130 143 2199 huit,
165 2150 273 2211 praeter
285 2136 444 2217 Origenem
465 2133 638 2198 ethnicum.
658 2131 869 2215 Porphyrium,
890 2150 921 2192 et
941 2130 1092 2191 Ameliunt
1105 2170 1113 2193 ‚
1126 2126 1221 2209 plures

53 2214 228 2276 Senatores,
248 2229 279 2272 et
298 2211 442 2275 foeminas
461 2216 609 2275 illustres.
629 2215 740 2275 Rornae
768 2216 848 2276 vixit
877 2220 924 2274 26.
936 2231 982 2273 an.
997 2256 1006 2281 ,
1023 2227 1055 2271 tt
1075 2208 1154 2269 obiit
1174 2227 1221 2268 cx·

53 2310 101 2351 tta
122 2290 232 2351 Urbem
259 2314 306 2358 an.
327 2312 383 2355 aet.
406 2303 453 2355 66.
476 2298 547 2356 Fuit
575 2296 658 2358 ualde
686 2315 768 2357 carus
786 2294 928 2357 ,Gallieno
954 2295 1085 2375 impet..
1104 2307 1134 2351 tt
1154 2294 1218 2369 eius

54 2372 146 2433 uxori
167 2372 342 2435 saloninae.
363 2374 438 2449 Eius
454 2378 547 2436 sitam
568 2375 747 2457 Porphyrius
766 2376 904 2458 scripsit.
1089 2410 1093 2447 t

97 2453 230 2522 Plotius,
241 2454 650 2539 Lugdun.Rhetor,insignis
670 2459 783 2518 Romae
802 2458 908 2518 Latine
927 2452 1047 2516 dicendi
1070 2445 1220 2593 carpistes,

51 2550 132 2594 teste
145 2534 276 2611 Quintil.
292 2539 321 2595 ls
332 2537 444 2617 primus
464 2539 577 2598 Romae
596 2536 742 2618 publicam
762 2536 895 2600 scholam
910 2537 1013 2599 Latine
1025 2534 1112 2595 dicen
1134 2535 1221 2614 iapu-

51 2616 138 2678 tuit‚
157 2616 300 2675 Cicerone
320 2637 432 2697 puero.
451 2622 557 2678 &unca
576 2621 610 2677 in
631 2618 816 2685 Prooemlt'l.
831 2637 859 2683 a.
874 2618 1007 2677 Constat.
1022 2615 1060 2678 de
1083 2635 1118 2673 eo
1140 2633 1229 2685 rnen-A

54 2696 176 2755 tionem
196 2692 284 2757 facit.
301 2699 329 2759 S.
344 2698 426 2758 Hier.
438 2699 475 2757 de
500 2698 574 2758 Vuis
593 2700 722 2765 illustr..
741 2699 788 2759 tel
804 2700 840 2764 in
861 2698 978 2765 Cliton..
998 2696 1063 2755 ait:
1084 2694 1221 2775 Plotius,

52 2776 166 2834 Gallus
180 2778 289 2851 primm
308 2778 418 2837 Romae
441 2779 506 2837 Lar.
520 2778 606 2839 thet.
619 2782 737 2841 docuit:
758 2796 789 2840 ct
806 2781 870 2841 Cic.
890 2780 925 2839 in
944 2780 1087 2837 Oratore:
1109 2774 1227 2833 Metuo..

50 2858 98 2916 tia
120 2874 219 2922 teneo,
234 2860 331 2933 puetis
350 2860 446 2929 nubis,
467 2860 569 2919 Latiae
588 2862 683 2922 docete
702 2861 824 2935 coepisse
843 2859 972 2919 Plotium
999 2856 1158 2933 quemdum,
1180 2856 1219 2913 ad

48 2957 159 3015 quem,
178 2958 241 2998 cum
254 2938 337 3016 fieret
354 2959 528 3010 concursus,
548 2959 577 3002 tt
597 2942 817 3001 studiosissimus
836 2942 952 3017 quisque
976 2936 1051 3013 apud
1071 2954 1220 2995 tumetceu·

48 3020 328 3089 teretur,·dolebam,
348 3021 421 3078 idem
440 3021 508 3079 mihi
528 3041 584 3083 nou
603 3024 706 3083 licere.
726 3020 933 3085 Nihilominus
961 3020 1006 3083 Μ.
1028 3016 1101 3089 Ant·
1122 3018 1220 3077 Mure·

47 3118 120 3169 tus,
142 3119 173 3159 er
191 3101 264 3161 alter
282 3121 318 3160 cx
338 3103 485 3161 Manutiis
505 3102 517 3178 (
538 3104 564 3162 si
582 3104 611 3163 is
629 3104 726 3165 editor
745 3100 822 3173 fuit,
845 3120 879 3163 ut
901 3098 991 3166 fuisse
1010 3098 1148 3166 videtur,
1165 3094 1217 3155 Lt-

45 3181 130 3251 xici,
150 3200 209 3262 qno
228 3179 316 3256 utor)
329 3199 454 3262 putant,
475 3184 649 3244 Ciceronem
668 3190 730 3263 ejus
741 3183 907 3249 auditorem
927 3178 1037 3243 fuisse
1058 3178 1217 3241 Contradi-
1285 3238 1287 3246 ,

43 3263 95 3322 cit
115 3261 150 3320 in
170 3259 392 3322 Alamlertiaais
411 3264 456 3323 Cl.
468 3266 596 3327 Pettius.
619 3267 728 3325 Verum
749 3264 902 3327 conciliari
922 3277 1045 3344 possunt
1065 3260 1221 3340 oppositas

45 3342 218 3423 opiniones
235 3343 385 3414 dicendo,
405 3344 579 3407 Ciceronem
600 3349 657 3422 jau
679 3346 891 3411 adolescentem
913 3360 1126 3422 nonnunquam
1150 3358 1219 3401 cum,

43 3422 226 3494 audivisse,
246 3425 315 3482 licet
334 3425 368 3483 in
389 3426 516 3505 pueritia
533 3430 597 3500 ejus
622 3425 752 3489 scholam
773 3446 837 3487 non
857 3422 1071 3506 frequentaris.
1086 3421 1129 3480 M.
1149 3422 1217 3480 Cae·

41 3504 112 3563 lius
131 3504 253 3565 vocabat
272 3503 399 3565 Plotium
418 3507 566 3570 Oratorem
585 3505 783 3579 hordeutium.
801 3508 830 3569 ei
851 3506 942 3567 ustus
959 3502 1069 3600 ‚huod
1094 3502 1220 3580 suspica·
1323 3578 1328 3587 ,

40 3602 153 3653 tetur,
172 3584 295 3645 dictasse
322 3589 503 3657 Atticino,
523 3588 682 3652 accusatori
710 3609 786 3657 suo,
807 3586 955 3650 Actionem
975 3604 1010 3646 sn
1029 3604 1114 3645 eunt.
1135 3586 1215 3649 Haec

39 3686 84 3726 ex
106 3665 188 3725 Soet.
205 3666 241 3723 ue
260 3666 305 3725 ct.
326 3666 411 3731 Rlet.
433 3668 566 3749 Quintil
588 3670 609 3727 l.
630 3669 734 3739 mit.
756 3670 890 3733 Plotium
909 3666 1048 3733 extremis
1068 3668 1100 3728 1..
1120 3666 1217 3737 Crasti

41 3745 237 3825 temporibus
255 3747 290 3807 in
300 3747 378 3808 Urbe
396 3749 532 3810 domitae
543 3793 552 3816 ‚
563 3766 592 3807 et
604 3750 641 3810 de
659 3768 742 3826 gestu
759 3750 911 3833 scripsisse
930 3750 1005 3813 circa
1024 3762 1156 3827 tempora
1167 3768 1215 3813 ve-

41 3841 150 3887 terum
171 3828 349 3888 oratorum.
371 3831 459 3891 Plori'
478 3830 587 3911 scripta
604 3830 699 3891 desid
1167 3862 1172 3871 ·

92 3906 206 3967 Plotius
226 3910 238 3985 (
258 3906 392 3987 Griphus
406 3914 439 3991 ),
451 3912 538 3971 Statii
555 3912 687 3982 anthus,
706 3911 746 3973 ad
763 3927 851 3994 quent
871 3884 1133 3987 thdecusyllaiot
1146 3913 1219 3977 ttrit-¹

39 4003 139 4059 teus.
160 4008 231 4051 tum
248 3989 422 4067 carilocus,
440 4011 471 4055 tt
491 3991 614 4055 laudm.
632 3994 893 4083 turgescentes
910 3993 1040 4059 iustius
1059 3986 1125 4063 ints
1142 3992 1216 4069 isus.
