3317 4817
424 424 593 505 priusquam
607 442 622 483 a
634 421 810 485 Domitiano
831 420 921 485 Praei.
937 420 1262 489 aanonser'etuianrm
1284 421 1463 487 stationibus
1482 420 1578 497 tatu

423 505 502 586 quod
524 508 651 573 Statius,
673 505 802 567 versibus
822 508 881 563 suis
902 506 938 564 ad
959 524 1048 574 eum,
1068 520 1210 567 testatur.
1322 562 1349 595 s

460 587 571 654 Plotius
590 586 675 662 (L),
695 588 784 646 Poeta
805 587 901 647 Mario
921 604 1025 655 carris,
1047 604 1082 645 eo
1095 584 1179 666 quod
1192 586 1373 668 »putatemab
1391 591 1510 665 eoejus
1537 584 1580 648 fa·

423 680 470 725 cta
490 666 671 727 celebranda.
693 667 738 726 Itu
757 670 820 727 Cic.
1050 699 1053 707 r
1085 690 1103 713 ι·
1394 692 1397 697 ’

462 746 650 815 Plutarchus,
672 746 797 809 Cheton.
815 746 933 806 celebris
956 745 1056 816 Phil,
1077 752 1106 805 e‘t
1131 748 1268 817 Histon,
1287 750 1407 826 Trajarii
1438 750 1574 829 Imperat
1653 751 1654 754 ’

420 829 576 909 magister.
597 830 642 887 Ea
662 831 723 902 'ejus
743 828 825 887 libris
847 827 1012 893 notissimis
1025 828 1375 911 -intelligi‘potest,='eum
1398 830 1431 887 in
1454 830 1591 889 Graecis„

422 924 452 964 et
472 908 587 967 Latinis
606 909 712 967 litteris
733 910 816 969 valde
838 926 981 967 versatum
1003 906 1091 969 fuisse
1103 952 1111 978 ,
1124 926 1153 967 et
1166 910 1246 991 plura
1259 930 1294 969 ex
1307 910 1390 969 sacris
1401 909 1485 971 libris
1497 908 1578 971 Chri·

422 988 584 1048 srianorum
605 986 751 1050 hausisse,
773 992 810 1048 In
828 1009 880 1057 eo,
893 1006 922 1047 et
936 990 971 1047 in
984 986 1088 1049 Seneca
1098 1008 1165 1048 cum
1186 989 1270 1049 laude
1289 1008 1417 1058 notatur,
1430 1008 1584 1069 nunquam

421 1068 540 1148 scriptis
560 1068 619 1129 suis
640 1067 823 1131 Christianos
843 1073 1024 1153 pupugisse.
1053 1069 1196 1130 illiricum
1216 1068 1389 1153 gubernavit
1417 1090 1486 1131 cum
1505 1072 1584 1130 Con-

424 1148 511 1208 sulari
524 1151 731 1231 potestatesub
749 1153 896 1226 Traianou
908 1152 1098 1227 Graecatim
1118 1151 1223 1231 scripta
1243 1146 1296 1209 ad.
1308 1170 1363 1211 nos
1391 1168 1585 1231 metuerunt

421 1230 564 1289 nonnulla
585 1232 710 1291 mutila:
731 1251 784 1290 nec
803 1231 1130 1313 ambigendumaliqua
1150 1232 1345 1291 auaaumine
1365 1234 1465 1301 edita,
1484 1230 1534 1289 vel
1555 1231 1586 1290 il·

419 1309 477 1370 lico
489 1316 550 1387 ejus
569 1313 664 1392 Opera
683 1314 717 1371 iu
738 1314 878 1372 Latinum
901 1309 1224 1390 versa'fuisse.Vesu1n
1246 1310 1303 1371 hae
1318 1314 1457 1393 antiquae
1470 1314 1584 1371 Versio

418 1409 472 1449 nes
490 1392 611 1451 Latinae
631 1394 742 1457 desid..
761 1411 790 1452 ct
807 1392 904 1452 solum
926 1402 1052 1452 'recentes
1075 1386 1480 1473 habemusl‘foraitan'parum
1506 1414 1584 1453 actu·

419 1488 510 1532 tatas.
530 1474 561 1530 Si
582 1492 682 1542 vetum
703 1474 777 1546 dicit
786 1468 936 1533 Petrarcha
957 1476 990 1532 iu
1007 1474 1131 1547 Epistt„
1152 1474 1251 1533 citatis
1272 1493 1290 1549 a
1308 1472 1449 1553 LLipsio
1471 1475 1507 1533 in
1528 1474 1584 1531 No-

420 1552 458 1609 tis
478 1552 516 1611 ad
534 1552 569 1609 L·
582 1551 733 1623 Senecam,
756 1554 850 1635 aliqua
871 1554 988 1623 edidit,
1009 1572 1088 1635 quae
1101 1553 1199 1613 latent,
1215 1572 1313 1620 nunc,
1335 1570 1364 1611 et
1385 1551 1511 1613 fuerunt
1532 1557 1583 1613 Pe·

419 1630 548 1692 trarclrae
567 1651 653 1719 nota..
666 1636 721 1695 Ait
740 1637 915 1703 enim,cum
933 1654 995 1693 non
1015 1634 1109 1693 solum
1131 1636 1281 1693 Romanos
1296 1634 1426 1692 ducesin
1447 1653 1510 1693 atre
1531 1636 1582 1693 mi-

417 1712 553 1777 litari‚et
572 1713 655 1774 rebus
675 1715 844 1799 gestis,sed
864 1716 953 1778 etiam
962 1718 1112 1773 Romanos
1131 1714 1275 1773 litteratos
1295 1716 1414 1784 Graecis
1428 1714 1461 1771 in
1475 1714 1583 1773 doctri·

418 1812 480 1862 na,
501 1812 551 1853 aut
571 1814 725 1875 aequasse,
744 1814 795 1855 aut
816 1796 1002 1876 praetulisse.
1025 1795 1174 1875 Eunapius
1203 1795 1238 1851 in
1259 1794 1401 1853 Prooemio
1434 1796 1472 1851 ad
1502 1794 1581 1853 Vitas

366 1946 371 1952 α
419 1872 581 1949 Philosoplt.
602 1876 714 1946 tradit,
735 1896 802 1937 eum
823 1876 1056 1957 saepissimaein
1076 1875 1158 1933 libris
1179 1877 1224 1936 sui
1247 1877 1431 1933 mentionem
1456 1879 1580 1933 Ammo-

417 1953 464 2013 nii
484 1956 620 2037 Magistri
639 1958 684 2017 sui
705 1955 810 2021 maere:
833 1958 912 2037 quod
932 1958 1054 2025 indicat,
1067 1954 1188 2015 nrutiios
1209 1974 1269 2035 esse
1290 1954 1473 2034 librosquos
1494 1953 1577 2015 habe·

421 2052 502 2103 must
524 2056 590 2099 cum
612 2036 646 2098 iu
665 2039 708 2102 cis
727 2056 791 2099 raro
811 2039 970 2099 Arumonii
991 2038 1106 2097 mensio
1130 2056 1146 2095 a
1167 2032 1321 2101 Plutarcho
1345 2032 1412 2095 lia-t.
1505 2091 1510 2097 .

800 2275 802 2278 v
840 2201 1046 2263 'corollarium
1073 2199 1140 2261 VII.
1535 2250 1539 2258 .

455 2284 576 2355 Poetae.-
598 2286 651 2343 De.
664 2281 729 2352 his,
749 2300 779 2343 et
799 2278 836 2343 de
856 2283 1040 2351 Pictonibus,
1062 2284 1103 2342 ait
1124 2280 1241 2343 Honin
1262 2280 1351 2352 Arte,
1373 2278 1522 2363 quidlibet
1533 2300 1579 2341 au·

417 2360 527 2432 dendi,
547 2383 597 2424 seu
617 2362 747 2447 fingendi
768 2366 826 2424 sibi
847 2384 973 2447 arrogare
995 2379 1188 2445 potestatem.
1209 2362 1319 2421 Revera
1352 2366 1502 2422 Homerus
1528 2366 1580 2421 Pe·

415 2444 575 2524 malopem,
595 2465 690 2525 quam
702 2446 847 2505 Historici
867 2446 1045 2525 impudicam
1067 2440 1155 2503 fuisse
1177 2444 1311 2509 narrant,
1330 2442 1467 2523 pudicam
1491 2440 1578 2515 facia.

415 2521 499 2582 Idem
517 2526 878 2603 Trojanos,.Graesorum
901 2528 1045 2595 uictores,
1066 2524 1102 2583 ab
1127 2522 1189 2582 illis
1210 2540 1354 2601 superatos
1375 2524 1489 2584 tradit.
1510 2524 1579 2580 Vir-

418 2602 508 2683 gilius
519 2606 670 2665 Didonem
691 2602 779 2689 lingit
791 2609 906 2665 Aeneae
925 2625 1022 2667 amore
1034 2624 1134 2686 parum
1146 2600 1271 2663 honesto
1281 2603 1499 2671 insaniisse,·ut
1513 2604 1579 2661 mit-

324 2710 341 2756 .·
417 2700 480 2742 tarn
500 2687 661 2746 recentium
681 2688 834 2746 Poetarum
869 2688 1066 2771 insigniorum
1094 2682 1247 2747 fictiones,
1267 2686 1304 2742 'et
1326 2685 1501 2746 mendacia.
1525 2683 1581 2749 Pli-

418 2764 466 2823 nii
486 2766 609 2825 Caecilii
628 2769 720 2826 aetate
741 2787 878 2851 magnam
899 2770 1053 2827 Poetarum
1080 2765 1197 2845 copiam
1218 2766 1328 2825 Romae
1348 2762 1437 2823 luisse
1464 2778 1581 2822 constat

414 2861 451 2904 tx
471 2843 565 2905 Plinii
586 2846 718 2921 Epistola
736 2849 773 2908 ad
792 2841 983 2907 Senecionem
1002 2847 1049 2904 lib.
1065 2866 1090 2904 ι.
1113 2844 1190 2905 Vide
1217 2843 1452 2903 Acclamationes
1483 2844 1518 2903 in
1539 2842 1577 2899 A.

413 2924 460 2984 De
480 2927 624 2996 Poeseos,
646 2945 675 2987 et
695 2930 848 2987 Poetarum
870 2928 1023 2996 laudibus,
1044 2928 1077 2985 in
1099 2925 1183 2983 Dial.
1209 2926 1242 2982 de
1263 2924 1430 2982 Oratoribus
1459 2926 1576 2984 multa.

416 3005 523 3066 Poetae
542 3008 615 3065 olim
638 3008 821 3067 Grassatores
841 3010 1032 3072 vocabantur.
1053 3026 1127 3066 teste
1147 3007 1261 3065 Catone
1281 3005 1315 3062 in
1335 3005 1384 3064 lib.
1397 3006 1432 3061 de
1446 3006 1579 3067 moribus,

415 3086 468 3167 qui
488 3087 595 3145 Fulvio
615 3086 778 3158 Nobiliori,
792 3106 826 3149 ut
847 3087 983 3169 probrum
1004 3085 1221 3167 objecit,quod
1239 3087 1450 3148 Portassecum
1465 3086 1501 3143 in
1514 3088 1581 3144 Pto·

414 3166 547 3228 vinciam
567 3166 716 3238 duxisset,
737 3186 770 3229 ut
791 3186 885 3229 narrat
904 3170 1020 3229 Tullius
1044 3168 1093 3227 lib.
1108 3190 1133 3225 ι.
1150 3165 1236 3223 Tust.
1252 3164 1316 3241 QQ.
1331 3167 1470 3228 Forsitan
1494 3166 1578 3225 Gaas·

414 3261 523 3304 satores
542 3246 636 3315 dicti,
658 3250 726 3329 quia
746 3250 825 3308 viros
845 3248 949 3331 probos
968 3250 1075 3329 Satyris
1094 3245 1346 3331 aggrediebantur.
1369 3249 1447 3305 Nam
1471 3247 1577 3325 Satyri-

412 3344 463 3385 cos
483 3328 585 3386 Poetas
603 3345 672 3389 ante
692 3329 838 3390 Lucilium
852 3333 964 3401 Romae
982 3326 1092 3393 fuisse,
1110 3326 1256 3409 quidquid
1276 3327 1355 3385 dicat
1375 3328 1529 3388 Horatius.
1542 3330 1579 3385 in

415 3424 566 3487 comperto
591 3424 654 3467 est.
676 3409 755 3469 Vide
776 3410 904 3489 Lucilius
923 3412 957 3471 iu
978 3410 1011 3471 L.
1026 3408 1075 3472 Ab
1100 3409 1192 3467 initio
1213 3410 1323 3467 Romae
1355 3409 1461 3465 Poetas
1491 3404 1581 3466 fuisse

414 3489 555 3550 novimus
575 3489 723 3553 sx-Dion.
737 3489 906 3557 Halicarns,
926 3492 979 3572 qui
998 3491 1062 3559 ait,
1084 3488 1209 3547 devictis
1230 3486 1390 3547 aRomulo
1406 3488 1584 3568 vicinispo-

413 3567 506 3647 pulis,
531 3570 683 3629 Romanos
701 3572 730 3629 si
748 3574 878 3632 carmina
897 3572 1052 3638 cecinisse,
1067 3568 1238 3629 licat'rudia
1249 3612 1256 3625 .
1269 3567 1346 3627 Vide
1366 3566 1467 3625 Numa
1493 3569 1526 3625 in
1536 3568 1582 3627 N.

314 3719 317 3723 ¹
413 3647 478 3707 cic.
491 3650 526 3707 in
532 3648 624 3710 Bruto
636 3648 741 3719 tradit,
750 3652 894 3711 Catonem
907 3654 940 3709 in
954 3651 1064 3729 Origin.
1076 3649 1225 3742 scripsisse
1233 3670 1242 3707 :¹
1252 3648 1353 3707 multis
1372 3666 1443 3707 ante
1456 3668 1524 3709 eum
1541 3668 1586 3709 se·

393 3728 488 3801 culis
507 3730 617 3790 Romae
638 3732 779 3791 usitatum
799 3732 835 3790 in
853 3732 1003 3793 conviviis
1023 3748 1152 3789 carmrna
1171 3730 1206 3789 in
1228 3729 1341 3789 laudem
1364 3730 1500 3807 virorum
1525 3725 1588 3789 for·

413 3804 491 3891 tium
512 3809 600 3867 cani.
621 3812 668 3868 De
687 3812 725 3870 iis
736 3812 866 3872 carmin,
886 3812 1017 3893 loquitur
1032 3807 1165 3871 eiusab
1189 3828 1309 3889 persona
1328 3810 1425 3871 Crassi
1445 3810 1472 3867 l.·
1495 3833 1526 3879 3·
1550 3812 1593 3869 aa·

413 3884 496 3944 Orat.
516 3890 631 3949 Ennius
649 3892 739 3963 etiam
759 3892 872 3962 tradit,
893 3890 1003 3953 multos
1022 3910 1099 3952 ante
1111 3910 1178 3967 eum
1200 3908 1243 3949 res
1268 3891 1416 3949 Romanas
1446 3890 1587 3951 versibus

410 3966 574 4049 wiotum
595 3968 1014 4035 v2vauta1.1.t.r.1’lato
1031 3992 1122 4035 aeus
1139 3972 1216 4054 Rep.
1232 3972 1335 4041 Poetss
1356 3970 1483 4050 rejecit:
1497 3972 1595 4052 quod
