3317 4817
120 498 126 506 ,
154 469 352 535 Albinouanus
372 470 518 550 (λιταὶ.
526 470 543 551 )
565 470 674 535 Orator
692 468 942 556 postularitdcsi
954 474 1095 560 &stimi
1108 416 1268 613 prensam.

119 574 180 616 teto
201 554 357 615 defendit.
378 553 552 612 Albinooaui
573 552 684 621 Actio,
699 574 733 612 ut
753 553 825 619 aliae
846 555 906 630 ejus
928 553 1021 611 Oratt.
1042 548 1108 613 'desi
1129 601 1135 612 .
1240 559 1261 593 '‘-

165 637 291 693 Aldinus
311 634 460 711 (Aelius)
480 636 601 713 Pompei
623 634 726 715 Magni
747 632 891 712 aequalis,
907 632 952 690 vel
975 652 1009 693 eo
1030 646 1090 699 nun
1112 634 1205 701 multo
1220 656 1271 717 po.

117 718 231 784 stetini,
249 717 338 775 Poeta
350 716 457 793 Epirus
468 758 476 782 ,
488 714 539 793 qni
561 731 658 774 ternos
679 712 744 773 CN.
760 712 880 791 Pompej
901 712 1072 793 'triumphos
1093 712 1268 785 hexametris

118 796 269 857 celebrarit
290 814 299 853 .’
318 796 483 855 Priscianus
502 796 634 855 Granum.
653 794 675 852 l.
697 814 725 857 ⁷.
744 787 826 854 affert
853 813 876 878 p.
901 812 997 875 tersus
1023 812 1057 852 ex
1081 790 1140 854 hoe
1157 814 1263 875 opere,
1289 833 1299 859 a
1341 818 1345 823 ·

119 878 196 958 qnod
216 876 310 935 desid.
599 947 603 953 .
827 880 830 884 ’
926 952 929 957 ¹
1059 888 1061 897 ¹
1253 880 1260 899 ⁸

158 956 282 1014 Albinus
302 954 447 1030 (Clodius
458 954 469 1030 )
481 958 590 1024 Poeta,
610 955 725 1035 scripsit
738 953 845 1030 Georg.
854 969 883 1012 et
895 950 1020 1009 Fabulas'
1033 948 1181 1023 notanus,
1193 961 1265 1035 quae

117 1037 208 1096 desid.
229 1036 390 1114 Septimius
409 1038 531 1094 &verus
545 1039 655 1115 imper.
676 1035 711 1093 in
730 1035 825 1109 'Epist
841 1032 962 1118 quadam
984 1034 1174 1095 odiernum
1195 1054 1264 1093 eum

119 1134 203 1175 notat
223 1115 345 1182 dicens,
369 1115 521 1181 immetito
544 1116 703 1175 litteratum
724 1134 791 1173 eum
813 1114 924 1195 putari,
946 1112 1070 1195 eoquod
1091 1116 1125 1175 in
1148 1100 1264 1194 Frisiis

117 1196 288 1277 Apuleianis
306 1197 512 1256 consenuerit.
533 1196 659 1254 Videtur
683 1196 802 1254 Senator
822 1190 930 1252 inisse.
1023 1260 1031 1270 ,
1085 1199 1087 1203 '
1154 1192 1157 1204 ’
1190 1219 1194 1225 ·
1253 1218 1256 1225 ·

157 1276 281 1333 Albinus
293 1277 306 1351 (
318 1276 422 1333 Furius
433 1276 445 1347 )
457 1276 502 1333 vir
522 1276 690 1334 eruditione
716 1292 765 1335 sua
786 1290 874 1333 notus
887 1312 895 1342 ,
906 1270 977 1330 alter
996 1292 1031 1331 er
1052 1272 1265 1335 interlocutori-

113 1356 223 1416 busin
243 1353 387 1414 Macrobii
408 1352 626 1417 Saturnalibus.
681 1415 685 1421 ,
1089 1424 1091 1429 Ι

156 1436 280 1493 Albinus
301 1437 312 1511 (
324 1435 361 1491 A.
375 1433 563 1495 Posthnmius
574 1437 585 1511 )
597 1438 721 1503 Orator,
735 1450 764 1494 et
777 1433 888 1494 Histoi.
903 1434 1012 1492 Catoni
1024 1434 1108 1493 Cens.
1125 1453 1263 1501 coaevus.¹

115 1518 161 1574 De
181 1534 216 1573 eo
237 1516 301 1573 Cic.
321 1516 355 1572 in
375 1513 485 1585 Bruto,
499 1533 528 1574 et
549 1518 584 1573 in
604 1516 724 1572 Oratore
736 1558 743 1581 ,
757 1514 879 1580 Gellius
891 1514 940 1572 lib.
955 1518 1046 1577 rr.',c.
1058 1528 1088 1589 s.
1104 1557 1111 1582 ‚
1125 1533 1155 1595 et
1175 1518 1262 1575 Matr.

114 1594 274 1654 in-Sarurn.
289 1594 310 1651 l.
324 1613 352 1651 2.
367 1595 583 1655 meminerunt.
597 1596 721 1674 Scripsit·
729 1592 840 1654 Graece
848 1593 1015 1661 Historias,
1032 1597 1264 1664 veniamotans,

115 1678 142 1734 si
162 1675 261 1733 minus
280 1690 357 1733 recte
372 1676 484 1740 Graeco
496 1694 636 1750 sermone
656 1668 798 1740 sciiberet,
811 1692 878 1733 cum
892 1676 1041 1735 Romanus
1063 1690 1150 1742 esset,
1166 1693 1264 1759 aquo,

114 1772 147 1813 nt
167 1754 280 1832 ajebat,
303 1756 411 1812 Graeca
423 1756 526 1813 Oratio
546 1755 725 1813 alienissima
745 1772 820 1812 erat.
842 1754 916 1813 Eum
939 1754 1031 1818 irrisit
1044 1754 1118 1812 Cato
1138 1752 1204 1813 haec
1225 1754 1263 1813 le·

114 1852 193 1916 gens,
209 1851 240 1890 et
252 1835 280 1891 ei
294 1833 436 1912 dicens:
456 1837 518 1893 Nae
538 1851 571 1893 tu
584 1878 591 1901 ,
605 1834 680 1892 Aule
694 1878 701 1901 ,
715 1834 843 1890 nimium
867 1850 988 1915 nugator
1009 1834 1115 1911 es‚qui
1135 1833 1266 1891 maluisti

114 1915 229 1993 culpam
250 1913 391 1991 deprecari
406 1957 414 1979 ,
427 1932 514 1993 quam
526 1914 608 1995 culpa
621 1933 713 1972 carere
735 1926 764 1966 ε
790 1912 868 1971 Vide
880 1909 948 1971 cel:
962 1909 1010 1968 ubi
1025 1930 1123 1989 supra,
1137 1928 1166 1969 tt
1177 1914 1267 1972 Matr.

114 1996 162 2052 lib.
178 2015 202 2049 1.
214 1991 328 2050 Satura.
351 1994 487 2052 Forsitan
508 1994 585 2052 inter
598 1992 690 2051 Histt.
704 1989 803 2049 Albini
819 1992 968 2049 'numerari
981 1990 1067 2048 debet
1088 1991 1157 2048 liber
1168 1992 1200 2049 de
1212 1990 1268 2051 Ae.

113 2094 184 2131 ntae
203 2074 324 2129 aduentu
345 2073 373 2129 in
381 2073 496 2131 ltaliam
505 2118 512 2141 ,
522 2080 602 2149 eujus
617 2070 648 2130 fit
661 2074 775 2131 mentio
788 2070 1011 2130 incollectione
1025 2072 1282 2154 Fragmentorum,

112 2150 543 2212 aeterum.Historieorum.1n
558 2154 657 2211 Codice
672 2150 864 2211 Theodosiana
886 2149 1090 2223 animadverti,
1113 2150 1207 2229 plures
1218 2152 1269 2209 in·

114 2233 211 2290 veniri
224 2231 343 2287 Allinos
362 2251 626 2307 commemoratos,
642 2233 693 2312 qui
708 2230 756 2290 rei
765 2226 845 2290 Coss.
856 2274 863 2299 ‚
876 2230 923 2307 sel
937 2224 1078 2289 Praefecti
1101 2248 1187 2309 praet.
1210 2228 1268 2290 fue-

112 2304 188 2370 runt'
203 2331 220 2368 a
241 2312 433 2369 Constantini
447 2314 491 2371 M.
503 2330 596 2384 aetate
614 2314 650 2371 ad
663 2310 830 2371 Honorium
844 2352 851 2367 .
866 2310 1017 2391 Appianas
1029 2309 1172 2391 Alexand.
1185 2330 1266 2391 saepe

110 2390 217 2446 Albini
237 2409 403 2471 cognomen
423 2392 508 2451 addit
528 2393 654 2452 Decimo
675 2396 780 2459 Bruto.
821 2455 825 2461 ,
1022 2402 1047 2463 ᾗ

153 2470 277 2525 Albinus
297 2470 464 2549 (Spurius)
485 2473 606 2539 Orator,
630 2477 712 2549 cujus
732 2469 872 2530 meminit
895 2471 957 2534 Cic.
979 2468 1015 2529 de
1036 2470 1069 2527 cl.
1085 2470 1178 2527 Oratt.
1191 2466 1262 2530 affit-

112 2568 217 2615 mans,
240 2568 291 2606 suo
311 2567 441 2628 ternpore
472 2551 634 2631 complures
666 2552 725 2634 legi
751 2550 845 2633 Spurii
860 2548 965 2613 'Albini
993 2550 1169 2627 Orationes,
1194 2568 1266 2629 quae

112 2648 197 2688 nunc
210 2628 302 2685 desid.
317 2630 344 2686 A
357 2632 462 2688 Boetio
472 2630 506 2687 in
518 2628 594 2690 Paef.
606 2631 642 2689 ad
654 2633 701 2688 lib.
711 2634 801 2690 Arist.
816 2653 842 2689 2.
854 2629 1003 2687 Perilaenn.
1016 2632 1121 2688 citatur
1134 2630 1266 2709 quidam.

110 2708 239 2766 Albinus
259 2708 443 2778 Geometta,
465 2727 494 2782 et
515 2711 709 2788 Dialecticus,
733 2716 814 2789 cujus
835 2728 957 2769 aetatem
979 2710 1106 2801 ignoro.
1128 2710 1264 2768 Forsitan

109 2788 251 2847 Honorio
260 2783 319 2848 fnit
331 2791 473 2867 posterior
487 2834 495 2859 ,
507 2806 541 2861 nt
561 2787 637 2863 fuere
658 2790 752 2870 plures
772 2790 824 2849 alii
845 2790 972 2865 ejusdem
986 2789 1117 2845 nominis
1133 2832 1140 2853 ,
1155 2788 1190 2845 de
1201 2790 1263 2867 qui-
1285 2834 1290 2841 .

105 2866 166 2926 bus
185 2885 247 2925 non
267 2886 351 2938 curo,
366 2888 442 2948 qnos,
460 2869 537 2927 inter
558 2870 713 2944 celebratur
733 2892 748 2930 a
769 2866 933 2930 Menkenio
954 2868 1125 2938 Parisiensis
1146 2866 1195 2924 ille
1214 2866 1261 2925 Al·

103 2946 197 3006 binus
209 2946 373 3021 logicorum
387 2949 438 3007 rite
453 2950 583 3022 patrinus
596 2950 720 3027 ridiculo
732 2946 891 3029 Epitaphio
913 2947 1070 3009 norissimo
1083 2939 1260 3027 insignitus.

147 3027 305 3102 Albinus(
319 3028 469 3104 Caecina)
491 3029 535 3085 vir
556 3028 700 3090 litteratus
713 3074 720 3097 ,
733 3030 770 3098 de
790 3048 848 3109 quo
869 3048 885 3087 a
905 3029 992 3099 Mact.
1005 3026 1038 3086 in
1059 3024 1189 3099 Sutura,
1206 3044 1261 3086 eta

104 3107 290 3165 Numeriano
310 3106 345 3164 in
365 3106 512 3165 lunerario
533 3128 605 3176 suo,
629 3110 764 3168 ntetiam
786 3110 819 3167 in
847 3108 906 3170 Vct.
930 3106 1109 3183 inscriptione
1129 3102 1162 3163 fit
1183 3122 1262 3164 men·

102 3187 167 3243 tio.
190 3180 298 3244 isfuit
319 3183 409 3245 Praei.
431 3207 471 3265 pt.
494 3187 547 3247 sub
566 3190 723 3255 Honorio,
744 3187 853 3269 quind
875 3207 939 3247 eum
963 3187 1070 3255 ditexit
1083 3187 1179 3261 'legem
1195 3185 1262 3269 ulti.

103 3286 186 3325 mam
206 3268 241 3322 de
260 3264 456 3344 Nnuiculariis
476 3267 510 3325 in
532 3268 599 3325 cod.
624 3266 653 3324 T
651 3267 728 3326 lreod.
763 3268 902 3347 idemque
922 3266 1074 3342 adducitur
1094 3284 1110 3324 a
1131 3264 1258 3345 Macron.

102 3345 299 3403 interlocutor
319 3345 353 3402 in
375 3346 433 3405 suis
454 3344 569 3405 Saturn.
968 3348 989 3422 J
1050 3410 1053 3420 ,
1238 3360 1245 3423 j

144 3423 271 3482 Albinus
286 3421 435 3484 Erhnicus
455 3424 611 3495 Pontifex,
623 3440 697 3487 teste
717 3430 744 3487 S.
757 3427 838 3488 Hier.
852 3428 888 3486 ad
908 3430 1025 3489 Laetam
1035 3431 1043 3496 ,'
1053 3428 1097 3484 iit
1117 3426 1263 3497 eruditus,

102 3504 155 3583 qui
177 3524 213 3563 ex
226 3501 393 3565 Christiana
413 3508 546 3585 conjuge
566 3504 656 3566 filiam
677 3511 793 3568 Laetam
814 3504 916 3570 habuit
928 3504 1135 3577 Christianam,
1147 3506 1174 3563 S.
1187 3504 1255 3563 Hic'·

105 3584 228 3662 ronymi
250 3583 424 3719 discipulam
438 3630 446 3653 ,
460 3594 490 3644 et
509 3588 535 3647 S.
557 3582 671 3647 Pauline
691 3607 816 3647 nurum.
979 3582 982 3589 ’
1047 3592 1076 3655 ,’“

146 3664 284 3721 Albntus
303 3666 327 3722 P
350 3664 381 3721 ii.
401 3665 518 3743 scripsit
537 3664 643 3725 librum
665 3669 698 3725 dc
718 3667 845 3725 Deorum
866 3666 1073 3743 Imaginibus

104 3783 108 3789 ,
147 3743 288 3817 Albutius
308 3741 441 3806 Rhetor.
461 3747 507 3804 De
527 3765 561 3803 eo
581 3746 760 3812 declamante
779 3749 823 3807 M.
843 3749 908 3807 Sen.
928 3750 962 3805 in
983 3744 1138 3825 Praefig'ad
1157 3746 1205 3805 lib.
1229 3766 1254 3808 7.

108 3822 261 3889 Contrua,
283 3841 312 3881 et
333 3824 366 3881 in
386 3821 484 3881 Suasa.
506 3824 598 3884 multa
619 3846 753 3907 perquam
774 3824 897 3887 ridicula
918 3820 1032 3897 narrat.
1055 3820 1090 3885 in
1107 3824 1209 3907 ‚Praei
1223 3828 1261 3899 ud

106 3903 157 3959 lib.
177 3925 202 3970 3·
216 3903 348 3964 Constat.
368 3904 459 3979 tradit
473 3948 481 3973 ,
495 3924 561 3963 eum
580 3926 647 3965 cum
669 3907 778 3966 Codice
799 3906 905 3975 sedisse
925 3907 1088 3967 auditorem
1110 3908 1185 3987 apud
1206 3906 1257 3965 Fa-

107 3979 231 4042 bianum
252 3982 339 4067 longe
359 4002 394 4043 eo
414 3985 699 4063 iuniorem.Verum
720 3986 752 4047 id
760 3986 873 4055 Aliutii
894 3988 1006 4049 sciendi
1028 3988 1160 4049 studium
1182 4006 1259 4049 com·

1045 4086 1101 4126 ca
