3317 4817
83 293 96 322 ,,
1122 280 1127 290 .

584 356 587 362 -
642 311 698 376 GR
1140 311 1158 376 ῗι

84 332 95 439 'l
138 420 143 430 ·
172 385 276 458 street
289 409 377 471 puer,
395 391 530 455 adstricto
548 393 657 473 glarie,
676 398 741 454 iun
760 391 850 465 ludit,
870 392 899 454 in
919 387 1038 466 Helui,
1162 321 1203 400 η

89 534 91 538 ,
197 519 200 522 .
250 476 377 535 Pondere
396 495 537 536 concretas
561 475 670 554 frigore
689 477 762 550 rupit
784 493 896 551 aquas.

82 566 91 642 J
167 554 306 632 Dumque
324 559 397 623 inrae
417 575 514 633 parrer
534 558 629 631 rapido
649 555 823 615 traherentur
841 555 876 612 ab
895 571 998 624 arrne,

255 637 383 696 Abscidis
404 655 524 696 renerum
543 637 651 696 lubrica
671 653 744 698 terra
764 653 869 711 caput.

170 709 272 786 Orba,
291 719 366 795 quod
384 719 526 796 mentum
545 735 642 785 maier,
662 718 727 775 dum
748 717 872 774 conderer
893 730 980 782 unm,

253 797 319 857 Hoc
333 799 427 874 peperi
442 797 581 881 flammis:
602 814 702 867 cetera,
722 796 811 865 dixit,
829 795 928 871 aquis.
1025 807 1026 810 ’

92 861 198 938 oravit
218 881 338 940 Querar
357 897 511 962 postquam
532 877 781 958 triumphaverat,
801 893 832 936 et
851 876 971 934 Graecas
979 867 1153 931 Comoedias
1174 865 1252 928 lucu·

94 956 204 1017 braeit.
226 962 352 1037 Veneno
371 962 504 1028 interiit,
519 960 583 1022 CN.
591 959 710 1018 Pisonis
729 958 817 1039 legati
838 957 882 1014 sui
896 956 929 1012 in
944 954 1034 1020 Asia,
1056 951 1104 1010 cui
1125 961 1250 1030 praeerat

63 1092 68 1093 ff
92 1038 244 1107 maleficio,
264 1041 389 1109 Tiberii,
400 1058 434 1100 ut
453 1040 598 1100 creditum
619 1036 785 1116 fuit‚1ussu
798 1081 807 1103 ‚
820 1036 858 1094 ad
877 1053 923 1095 an.
937 1031 1050 1100 Christi
1072 1037 1132 1089 'ror
1151 1030 1187 1090 V.
1208 1027 1244 1086 C.

57 1137 61 1145 ’
96 1135 165 1189 772.
175 1119 293 1180 Tiberii
304 1140 351 1180 an.
366 1130 394 1180 6.
410 1123 610 1180 Romanorum
622 1139 721 1179 versus
740 1137 806 1176 eum
819 1113 1024 1174 benevolentia
1035 1109 1074 1170 ob
1087 1113 1253 1168 eminentes

95 1198 235 1268 virtutes,
249 1201 356 1281 quibus
369 1218 429 1260 erat
441 1201 604 1282 praeditus,
615 1199 775 1262 invidiam,
786 1195 938 1280 etodium
945 1192 1059 1252 Tiberii
1080 1192 1113 1250 in
1127 1207 1193 1248 eum
1208 1203 1254 1244 ex·

93 1277 205 1343 citavit,
225 1281 294 1340 licet
304 1279 456 1350 Tiberius,
468 1300 497 1340 er
519 1298 689 1361 pannones
707 1295 787 1358 pater
807 1282 869 1352 ejus
890 1293 938 1356 per
958 1271 1250 1357 adoptionem,jussu

97 1359 223 1440 Augusti
244 1357 358 1430 liactam,
371 1379 460 1420 esset.
476 1362 554 1420 Vide
561 1364 638 1420 Suet.
652 1361 685 1418 in
705 1359 786 1418 Vnae
801 1356 952 1432 Caligulae
963 1371 1067 1434 pramis
1087 1345 1253 1430 capitibus.

131 1441 205 1497 Geta
226 1439 244 1513 (
259 1441 403 1502 Hosidius
424 1442 542 1519 )‚eujus
554 1441 695 1500 meminit
706 1438 828 1500 Tertull.
841 1438 877 1496 de
891 1431 1159 1507 Praescriptionibus
1171 1424 1248 1490 Hae·

93 1537 142 1579 m.
158 1520 291 1579 Medeam
310 1524 368 1581 Tra
387 1523 503 1581 oediam
527 1522 623 1581 edidit
642 1541 677 1579 ex
696 1517 873 1584 centonibus
893 1515 1091 1595 virgilianis.
1306 1566 1311 1574 .

132 1601 282 1659 Getulicrrr
301 1602 313 1677 (
333 1543 397 1662 Cli.
410 1603 551 1662 Lentulus
572 1603 599 1676 l,
621 1604 734 1660 Histoi.
744 1595 885 1657 refutatus
905 1617 920 1654 a
942 1595 1037 1657 Plin..
1057 1608 1087 1650 et
1106 1588 1249 1678 citatusa

27 1693 28 1697 ’
97 1683 172 1740 Suet.
184 1683 218 1738 in
232 1682 366 1757 Caligula
387 1697 446 1742 es.
460 1684 530 1742 Fuit
542 1685 608 1742 Cos.
619 1723 627 1746 ‚
638 1699 668 1740 et
692 1680 867 1740 Germaniae
887 1673 1033 1754 Superiori
1053 1667 1142 1753 Braef.
1162 1670 1250 1728 Vixit

93 1762 147 1822 sub
162 1760 250 1828 Tib,
271 1781 300 1821 er
320 1764 354 1822 C.
368 1762 515 1846 Caligula.
536 1767 695 1821 Accusatus
714 1760 750 1818 de
775 1757 908 1816 amicitia
928 1773 994 1812 cum
1016 1753 1118 1828 Sejano
1130 1793 1139 1818 ,
1153 1768 1183 1808 se
1203 1747 1253 1806 de·
1323 1747 1329 1760 '

93 1838 205 1907 studit,
227 1859 257 1899 et
277 1842 424 1902 absolutus
443 1843 554 1908 erasit.
575 1844 679 1901 Postea
699 1838 846 1920 Caligulae
867 1841 944 1912 jussu
964 1835 1075 1890 occisus
1095 1827 1169 1890 fuit.

133 1921 283 1996 Gerulicur
302 1924 314 2000 (
335 1925 390 1982 CN
412 1921 448 1998 )‚
470 1924 558 1982 Poeta
578 1925 724 2005 Epigram.
745 1934 956 1978 memoratuea
987 1915 1073 1972 Mart.
1094 1910 1128 1966 in
1157 1906 1250 1982 Epire.

27 2037 28 2046 ‘
91 1998 212 2142 llll?
222 2001 593 2145 ilnillll‘llll
606 1988 1172 2154 llll-ffinlsslnllllll.⁸⁰³³·
1187 1983 1252 2046 vn.

50 2138 53 2144 ·
589 2127 598 2154 ,
745 2105 757 2140 r
1101 2106 1111 2134 r

329 2298 333 2306 .
538 2246 722 2308 Corollariunr
742 2242 812 2304 IV.=
1231 2297 1238 2322 ὁ

81 2330 86 2336 ’
135 2325 334 2386 Gladiatores.
355 2330 468 2390 Horum
486 2331 639 2412 magistros
659 2330 776 2388 dearte
803 2316 985 2382 Gladiatoria
1005 2312 1151 2396 scripsisse
1172 2307 1253 2371 colli·

75 2432 79 2438 ·
111 2405 170 2465 itur
189 2428 225 2465 ex
245 2409 308 2468 Cic.
320 2409 395 2467 libro
420 2431 443 2486 3.
462 2411 497 2467 de
518 2411 622 2474 Oraia
641 2408 693 2469 ubi
713 2408 750 2466 de
768 2403 947 2466 Samnitium
979 2397 1139 2481 magistro.
1159 2408 1193 2452 ut
1214 2406 1248 2448 cx

126 2488 280 2562 art5etiam
300 2490 348 2546 lib.
365 2509 414 2553 ς..
435 2488 486 2548 ubi
506 2489 542 2549 de
565 2489 698 2548 Hennere
720 2483 825 2546 celebri
849 2481 1038 2540 Gladiatore.
1287 2531 1291 2542 ,

132 2567 293 2648 Glaucias,
313 2568 446 2629 Melioris
473 2570 605 2630 Liberem
623 2614 631 2628 .
652 2568 796 2629 Laudatur
815 2583 831 2618 a
853 2559 987 2621 Martiale
1007 2562 1069 2632 ejus
1087 2552 1245 2636 ingenium

91 2647 198 2716 velox,
220 2665 250 2708 tt
271 2649 463 2730 Apollineum
484 2670 518 2711 os
537 2652 571 2709 in
591 2648 751 2726 Epitapiiis
774 2645 807 2704 ei
824 2642 929 2724 positis
948 2640 997 2698 lib.
1019 2647 1046 2694 ό.
1068 2635 1154 2694 Obiit
1176 2649 1246 2712 puer

33 2727 36 2734 '
91 2726 155 2799 iste,
175 2729 287 2789 dolrem
307 2731 411 2800 nona,
431 2747 527 2798 carrus
546 2731 684 2800 menbris,
705 2729 832 2787 innocens
848 2723 973 2799 pudore.
994 2719 1039 2776 lta
1059 2717 1145 2776 Mart.

133 2889 246 2968 Gnipho
266 2891 342 2968 (Μ.
355 2892 428 2955 Ant.
440 2892 472 2968 ),
494 2892 616 2959 natione
627 2890 755 2960 Callus,
771 2886 871 2946 Gram.
883 2927 890 2952 ,
904 2896 934 2941 et
953 2873 1065 2939 illector
1085 2869 1239 2958 magnino

91 2971 181 3030 minis
201 2971 242 3031 ob
262 2992 341 3032 suam
364 2973 559 3041 memoriam,
580 2989 610 3032 et
629 2972 783 3052 ingenium
810 2963 973 3048 singulare.
995 2963 1040 3019 De
1060 2976 1094 3016 co
1114 2958 1192 3036 διιεῖ.Ᾰ
1212 2951 1247 3010 alc
1355 3017 1359 3024 ¹

92 3051 142 3108 lli.
154 3050 252 3110 Gram.
262 3093 271 3117 ‚
283 3069 313 3110 et
325 3053 452 3113 Macrob.
466 3057 486 3113 l.
499 3076 526 3122 3·
540 3051 653 3112 Sarum.
662 3051 779 3111 Tullius
790 3062 857 3127 post
876 3040 934 3103 fori
946 3039 1165 3121 occupationes,
1177 3051 1244 3092 cum

92 3132 207 3192 Praetor
223 3123 323 3201 esset,
343 3138 404 3209 ejus
424 3130 550 3193 scholam
572 3131 771 3213 frequentabat
782 3172 790 3188 .
802 3125 923 3204 &sipili
942 3121 1012 3182 bina
1032 3120 1068 3180 ἀὲ
1089 3117 1154 3206 Lai·
1167 3132 1245 3206 “fl“

89 3210 268 3271 Volumina.
289 3215 334 3272 lta
355 3217 473 3290 Atreius
493 3211 681 3295 Philologus.
703 3214 781 3271 Haec
808 3205 957 3264 Volumina
976 3200 1069 3260 desid·
1090 3193 1243 3276 Qumis

88 3307 153 3349 eum
172 3289 248 3352 citat
267 3293 316 3350 lib.
339 3314 364 3349 r.
386 3315 469 3376 super
490 3295 644 3354 nonnullis
669 3289 874 3354 Voconiae,
894 3281 1060 3362 dequibus
1079 3279 1184 3356 aliter,
1206 3293 1247 3334 at·

87 3389 143 3449 que
160 3371 224 3440 alii,
246 3373 435 3453 opinabatur..
455 3375 526 3434 Fuit
544 3375 684 3458 Magister
704 3374 737 3433 C.
750 3371 888 3436 {Caena
910 3382 1017 3444 quem,
1039 3376 1068 3418 et
1089 3358 1161 3417 ³50⁸
1182 3375 1245 3414 ⁸¹²⁴

91 3449 187 3511 diebar
209 3455 245 3510 in
265 3452 384 3513 aedibus
403 3457 436 3515 L.
452 3455 589 3527 Caesaris,
609 3455 683 3514 Julii
703 3455 813 3534 patris,
835 3447 972 3526 Graecam
987 3441 1109 3506 »filet
1123 3438 1248 3504 &affl-0

92 3547 121 3588 ct
143 3530 331 3592 Rhetoricam
353 3533 467 3614 publice
486 3535 610 3598 docens,
630 3536 787 3616 Nunquam
803 3529 849 3594 de
869 3521 1117 3600 mercedel’actus
1132 3532 1180 3608 ,ω
1194 3539 1201 3580 ³
1213 3531 1247 3607 ,π

91 3610 271 3671 discenmum
293 3613 466 3673 liberalitate
486 3610 543 3672 fuir
564 3615 656 3674 multa
676 3613 863 3674 consecutur.
884 3605 962 3662 Vide
974 3603 1085 3661 Ludov.
1100 3599 1195 3676 Vives
1210 3612 1247 3654 rn-

94 3687 236 3764 Srrpplern.
256 3692 341 3751 Vitae
361 3693 393 3752 C.
406 3694 434 3752 1.
446 3692 554 3753 Caesa
574 3697 650 3754 Suet.
664 3696 805 3776 scriptae,
824 3686 918 3749 initl‘)
939 3683 1085 3772 mulli&
1280 3713 1281 3716 ’

133 3771 280 3840 Gnostici,
301 3771 439 3834 baeretici
458 3775 732 3854 impudentissimi,
748 3774 805 3853 qui
833 3783 863 3832 ae
890 3784 965 3826 unos
990 3763 1194 3829 illuminatos,
1216 3774 1245 3820 er

92 3871 187 3910 rerum
209 3852 382 3913 sublimium
405 3874 469 3914 vera
489 3855 660 3938 cognitione
680 3856 825 3936 praeditos
845 3845 1005 3928 januam„
1019 3859 1133 3904 auctore
1146 3843 1250 3922 CMPQ·

93 3949 188 3997 crate.
208 3934 305 4014 Hujus
324 3931 364 3996 fil.
374 3933 551 4020 Epiphanes,
562 3936 677 4018 paterni
695 3936 797 3996 ertone
814 3929 932 3999 barres,
954 3923 1036 3986 ualde
1062 3923 1249 4002 adolescent,
