3317 4817
324 808 326 815 '
391 802 463 842 vum
483 798 615 841 nostium

431 317 503 363 ⁵xta

388 382 482 461 fiant.
503 379 601 459 Quam
624 373 893 463 mammutinam·
909 372 1120 461 Barbaris,‚qui
1132 372 1496 464 ,occidentisptorrncias
1508 377 1558 453 ia:

395 460 556 529 festarum,
577 463 656 520 Deus
676 458 854 519 indidisset:
875 478 933 540 quo
954 452 1063 520 factum
1091 454 1215 529 fuisset,
1238 458 1572 543 it'plurapriscoruriit·

397 545 568 603 Latinorum
591 542 687 621 Opera
706 537 899 608 haberemus,
919 538 1060 620 aquibus
1079 559 1159 599 nunc
1179 539 1332 612 destituti,
1347 542 1440 601 multa
1462 540 1559 607 aban·
1647 552 1648 555 ’

393 624 487 703 tiquis
505 621 641 681 litteratis
654 621 741 681 Rom.
749 620 881 687 inventa,
894 618 1042 701 multaque
1054 623 1198 701 sapienter
1210 639 1254 690 ,et
1267 622 1410 707 eleganter
1423 622 1557 685 inomni

392 701 616 783 disciplinatum
636 719 740 840 qenere
761 699 796 759 ab
816 702 926 761 eisdem
949 699 1094 781 lucubrata
1128 720 1182 761 nos
1201 701 1316 762 latent.
1336 704 1367 763 Si
1388 722 1420 761 ca
1449 702 1484 761 acl
1511 722 1558 763 ae-

657 781 729 839 elata
749 777 890 848 luissent,
913 800 1060 861 possemus
1082 782 1258 843 Graecorum
1281 784 1375 863 Opera
1395 802 1461 849 cum
1477 777 1556 844 Lacl-

387 880 496 923 norum
505 859 752 931 lucubrationibus
764 858 893 920 conlerre
903 882 949 924 ‚ac
957 862 1021 921 sine
1033 863 1211 925 temeritatis,
1221 880 1292 923 nota
1305 863 1440 941 judicate,
1453 878 1555 924 utrum

388 943 542 1007 Romani,
562 960 595 1001 ut
614 942 722 1010 armis,
743 941 786 1001 ita
806 942 896 1005 etiam
919 940 1025 1001 litteris
1044 938 1155 1003 'fuerint
1168 944 1288 1005 Graccis
1300 938 1559 1023 superioresiQui

390 1025 473 1082 enim
495 1038 616 1105 putant,
638 1041 730 1083 unum
752 1038 869 1081 tantum
882 1059 890 1085 ,
905 1022 1086 1103 autalterum
1108 1044 1142 1082 ex
1165 1024 1302 1095 litteratis
1323 1023 1468 1083 Romanis
1487 1042 1555 1103 pos·

388 1122 421 1165 ae
440 1105 475 1163 in
495 1104 647 1171 Historia,
662 1104 860 1171 .in,Poctica,
882 1104 916 1161 in
938 1102 1080 1173 Oratoria,
1102 1123 1134 1163 ac
1159 1104 1326 1183 disciplinis
1346 1103 1412 1163 aliis
1432 1103 1554 1167 Grauis

384 1184 505 1263 opponi
520 1182 615 1246 edere
638 1185 707 1244 satis
726 1182 864 1252 obscura,
878 1204 910 1243 ac
933 1194 1030 1263 patum
1052 1204 1086 1243 et
1111 1182 1200 1245 lorata
1220 1182 1295 1242 mihi
1318 1184 1456 1243 videntur
1473 1183 1554 1262 judi·

385 1283 471 1325 care.
493 1266 713 1345 Nonnunquam
734 1265 844 1330 Auctor
865 1264 899 1321 in
920 1260 974 1322 hoc
994 1204 1115 1341 Syllatlb
1142 1284 1187 1323 tes
1216 1256 1407 1346 Theologic'as
1436 1264 1553 1337 tradit,

388 1360 421 1401 ct
440 1343 702 1408 de-Sactishitteris
722 1345 847 1413 disserit,
860 1344 934 1425 quin
955 1340 1055 1405 falcem
1077 1344 1111 1402 in
1132 1344 1256 1405 alienam
1279 1365 1402 1403 messem
1416 1344 1553 1420 injiciat.

383 1424 485 1494 Multa
504 1425 586 1490 'euim
607 1425 643 1494 ad
664 1427 757 1496 Samae
765 1425 905 1495 Litteras,
927 1441 956 1483 et
975 1422 1153 1505 Theologica
1165 1426 1324 1505 spectantia
1346 1422 1549 1507 Philologicae

366 1517 369 1522 “
384 1504 540 1585 indaginis
552 1522 679 1565 suut:ut
700 1507 836 1576 mittam,
851 1509 1016 1571 ,Auctorem
1031 1524 1083 1585 pro
1096 1524 1183 1565 onere
1202 1507 1230 1565 ei
1250 1505 1407 1578 injuncto,
1422 1504 1455 1563 in
1469 1502 1554 1563 echo·
1570 1532 1575 1541 ·

387 1584 416 1645 la
436 1585 508 1651 olim
528 1587 671 1655 sacratum
683 1587 857 1663 Litterarum
879 1586 1050 1668 Interpretis
1070 1604 1191 1644 murteta
1210 1581 1365 1652 functum,
1383 1602 1413 1655 et
1433 1582 1552 1663 publica

385 1666 577 1735 auctoritare,
589 1665 770 1746 solemnique
790 1664 854 1725 ritu'
871 1671 917 1749 jus
937 1666 973 1725 de
985 1662 1191 1747 Theologicis,
1212 1683 1241 1725 et
1254 1666 1345 1727 Sacris
1353 1663 1472 1727 Litteris
1492 1665 1557 1724 dis·

390 1745 507 1810 tutudi
529 1763 646 1806 nactum
662 1742 776 1825 pluisse.
1410 1796 1415 1801 .
1540 1782 1543 1787 -

425 1827 511 1886 XIV.
525 1826 734 1887 lnnonnullis
754 1826 915 1909 Operibus,
936 1848 1008 1909 quae
1020 1832 1159 1911 tanquam
1180 1824 1339 1887 desiderata
1360 1822 1550 1897 indicantur.

386 1908 530 1967 ucetiam
551 1908 586 1966 in
604 1908 786 1967 recensendis
806 1908 944 1968 litteratis
964 1910 1124 1977 Romanis,
1143 1926 1215 1987 quos
1235 1906 1442 1967 antellonotii
1455 1924 1551 1965 exces-

383 2006 450 2049 sum
469 1987 601 2045 floruisse
621 1988 781 2050 dicuntur,
801 1990 826 2047 si
847 1989 920 2069 quid
934 1991 1075 2050 errarent
1098 1994 1231 2057 Auctor,
1252 1987 1305 2066 qui
1326 1987 1338 2063 (
1358 1984 1450 2047 homo
1479 2005 1550 2044 cum

385 2067 428 2125 sit
443 2109 452 2135 ,
469 2064 595 2133 ‚humani
616 2065 695 2129 nihil
715 2088 731 2126 a
750 2086 781 2124 se
800 2067 929 2127 alienum
950 2087 1033 2149 putat
1054 2067 1067 2145 )
1086 2068 1208 2151 gratias,
1228 2086 1299 2149 quar
1323 2068 1433 2147 poterit
1453 2066 1549 2131 maxi-

381 2165 470 2211 mas>
490 2162 525 2212 et,
539 2163 632 2228 aget,
652 2162 683 2205 et
702 2144 820 2207 habebit
839 2149 959 2220 cuiuis,
973 2149 1025 2230 qui
1047 2166 1136 2221 errata
1156 2151 1219 2227 ejus
1246 2146 1435 2209 emendarit.
1457 2147 1551 2225 Cupit
1647 2212 1648 2215 Ἴ

385 2226 489 2294 euim,
510 2225 558 2288 rel
572 2246 593 2293 a
612 2243 761 2305 postremo
783 2228 951 2293 mortalium
974 2230 1090 2290 doceri.
1113 2227 1149 2289 Id
1168 2244 1310 2308 praestare
1331 2226 1549 2308 poterunt,qui

386 2305 467 2387 plura
487 2306 674 2387 antiquorum
688 2308 938 2379 ,Latinorumet
952 2311 1128 2385 Graecorum
1150 2310 1264 2389 Opera,
1286 2328 1374 2387 quam
1393 2308 1457 2387 ipse
1476 2305 1552 2387 lege-

381 2388 446 2450 tit,
466 2385 614 2466 pluresque
629 2390 775 2455 Auctores
794 2389 1006 2465 consuluerit,
1016 2391 1097 2471 quod
1115 2388 1155 2451 iis
1175 2390 1353 2471 continget,
1375 2386 1428 2468 qui
1455 2383 1550 2445 libros

381 2466 526 2537 selectos,
549 2484 578 2528 et
597 2487 705 2552 magno
725 2488 846 2530 numero
864 2471 944 2549 apud
964 2491 999 2531 se.
1013 2468 1122 2531 habent
1134 2508 1143 2534 s
1156 2470 1201 2529 vel
1214 2470 1278 2529 sine
1297 2470 1413 2551 magnis
1434 2467 1549 2537 incom-
1647 2468 1648 2537 ,

379 2546 490 2613 ,arrodit
508 2547 640 2627 copiosas
659 2548 851 2617 bibliothecas
872 2551 1051 2631 frequentare
1071 2569 1146 2609 cum.
1167 2548 1300 2609 libertate
1328 2546 1495 2629 potuerint,
1517 2558 1552 2603 ct
1647 2564 1648 2623 j

379 2626 411 2691 ii
431 2629 597 2709 praecipue,
615 2629 673 2709 qui·
689 2650 787 2699 nutam
808 2650 905 2690 earum
917 2622 1050 2712 'gettinm
1072 2629 1216 2712 Prodigiu¹
1235 2628 1334 2693 simile
1349 2644 1419 2697 est,
1439 2625 1473 2687 in
1495 2626 1554 2685 Hi·
1647 2642 1648 2699 j

381 2708 514 2777 noricis,
528 2727 559 2767 et
571 2706 795 2795 chronologicis
814 2730 966 2791 nunquam
988 2710 1064 2771 labi.
1085 2712 1172 2791 lapsi
1194 2728 1263 2771 sunt
1273 2710 1396 2776 Cicero,
1416 2706 1550 2776 Liuius,
1647 2738 1648 2759 2

382 2787 544 2858 Eusebius,
569 2792 722 2867 meiana,
741 2790 893 2862 Salienus,
917 2792 1081 2861 Batonius,
1102 2810 1192 2870 ,quem
1222 2790 1326 2871 Pagius
1349 2788 1550 2867 emendavit.
1647 2790 1648 2797 ’

282 2891 285 2896 ·
381 2870 491 2949 hapsus
510 2887 552 2931 est
573 2870 690 2953 Pagina,
703 2891 789 2951 quem
810 2872 847 2931 in
865 2870 997 2952 pluribus
1016 2870 1353 2949 emendatumdedisset
1368 2870 1412 2939 ,si
1432 2864 1491 2927 fata
1512 2868 1552 2933 si·
1647 2944 1648 2947 Ἴ

381 2950 515 3014 tissone,
530 2952 665 3017 ambus,
686 2967 716 3009 et
737 2950 843 3019 sodalis
865 2968 945 3009 meus
965 2952 991 3011 l.
1010 2949 1176 3011 Matthaeus
1207 2948 1325 3012 Garzon
1344 2948 1551 3031 chronologo·
1647 3010 1648 3027 ,

378 3045 533 3089 rum-strae
552 3030 654 3095 aetatis
675 3029 751 3088 nulli
773 3027 897 3089 forsitan
918 3031 1081 3106 secundus.
1101 3032 1153 3110 qui
1173 3033 1207 3089 in
1228 3032 1373 3105 diotimet
1386 3030 1553 3091 correctio·
1647 3098 1648 3107 ἶ

381 3106 470 3169 nibus
490 3107 596 3177 lossii,
607 3110 753 3190 variisque
763 3109 1035 3178 Dissertationibus,
1048 3111 1182 3173 nondum
1195 3112 1285 3171 editis
1297 3155 1306 3181 ,
1316 3110 1465 3179 illustrati,
1487 3116 1550 3179 60..
1647 3120 1648 3161 1

382 3203 415 3246 et
435 3206 471 3246 eo
484 3188 616 3268 ,amplius
635 3208 743 3250 errores
762 3191 837 3251 circa
857 3191 1061 3270 Hispanorum
1076 3192 1241 3271 praesertim
1250 3210 1296 3255 ,res
1325 3192 1497 3249 dnotaverat
1510 3190 1549 3248 in
1647 3214 1648 3233 r

384 3268 475 3346 erutis
485 3290 533 3341 90.
543 3266 830 3342 chmmldatiani,
838 3270 1188 3353 quosexcurrerat.Quod
1196 3272 1331 3341 sinannu
1344 3270 1550 3345 loshuctorin

398 3570 749 3658 ''(a')“r11'e‘”Baiinsta'n
770 3580 925 3660 Egnatium
947 3584 976 3643 in
995 3580 1069 3643 Vit'a
1092 3576 1210 3642 Claudii
1239 3578 1322 3641 Rom.
1345 3578 1495 3656 Imperat,
1516 3596 1550 3643 et

384 3658 512 3732 Gallieni
531 3664 698 3735 tuucssoris
711 3705 718 3722 .
729 3663 935 3737 tBnrbamrtrnt
949 3664 1088 3723 sanatae.
1099 3663 1288 3740 tribuerant„
1301 3662 1405 3737 ,nunt
1435 3662 1489 3722 trix
1506 3661 1550 3719 in·

382 3740 533 3799 veniuntur
557 3744 672 3819 antiqua
698 3743 803 3802 latina
831 3745 1003 3819 exemplaria
1026 3742 1211 3803 conciliorum
1242 3742 1453 3811 Orientalium,
1473 3758 1550 3816 puae

374 3820 563 3893 &manullo
592 3824 627 3890 in
642 3822 772 3900 seriniis,
781 3843 819 3884 -et
840 3827 987 3887 addatis
1008 3826 1175 3898 Romanae,
1195 3839 1224 3885 tt
1243 3822 1364 3885 aliarum
1387 3821 1551 3883 Occidentis

382 3897 579 3962 ecelesiarum
600 3905 836 3983 ostendantur.
