3317 4817
649 282 704 343 ΒΛ
817 329 819 334 ,
1151 292 1187 343 18

94 360 254 441 wlsujus
275 362 352 423 vitae
372 357 519 454 molestias
538 362 693 421 tolerantes
706 407 712 419 .
727 363 763 419 In
776 361 860 423 sactis
881 362 988 437 litteris
1009 304 1262 443 neutiquam'ber·

95 447 171 513 sati,
194 447 381 512 nesciebant,
402 444 541 521 militiam
562 464 622 501 esse
644 445 736 514 vitam
757 438 991 523 hominis'supct
1012 462 1136 501 terram.
1159 441 1261 501 Militi

93 543 210 593 autern,
232 527 294 586 sine
315 533 394 601 *iussu
415 526 600 603 Imperatoris
620 524 777 581 stationem
800 522 935 589 deserere,
958 516 1018 579 non
1040 524 1116 590 licet,
1130 538 1162 580 trt
1183 538 1258 579 recte

95 605 277 686 Pythagoras
299 603 389 675 ajebat
400 647 407 661 .
418 604 505 663 ‘lllod
527 604 644 671 misum,
666 602 826 661 nonnullos
839 600 1030 681 Plnlosophos
1045 602 1132 677 hujus
1150 601 1261 659 illumi·

94 686 162 741 nati
185 686 287 761 seculi,
297 685 348 763 qui
364 682 526 745 Christiani
541 682 632 740 videti
647 680 940 750 volunt,8uicidium
963 681 1129 761 approbare.
1144 680 1186 737 Hi
1207 680 1258 737 hn-

95 781 296 830 manitatem‚
319 783 404 843 quam
428 780 579 841 tantopere
600 762 859 829 commendant,c
882 760 979 819 medio
1000 760 1146 826 tollentes,
1158 758 1260 815 doctri·

93 861 137 907 sta
156 860 356 922 sustineant,
377 864 405 901 se
426 842 524 900 orbem
546 842 745 900 illuminasse.
766 840 820 897 Sed
843 841 979 906 sinamus,
1001 836 1053 897 hos
1066 837 1098 913 (¹,
1112 840 1163 921 qui
1176 858 1205 895 se
1216 839 1260 895 in·

92 924 185 1003 genia
198 918 292 1003 ‚fortia
305 921 398 989 ,alios
419 918 521 1003 longos
533 960 542 985 ,
553 938 582 980 et
604 917 746 979 fanaticos
768 922 894 995 vocant)
916 916 1030 977 fortiter
1050 920 1177 975 insanire
1188 961 1196 985 ,
1207 916 1259 975 do·

92 1014 150 1062 trec
172 1002 279 1081 aliquis
299 1022 397 1061 eorum
418 997 550 1072 insaniae
572 1002 729 1069 misertim,
749 1018 802 1058 eos
818 998 945 1058 vinculis
962 999 1136 1057 constrictos
1149 997 1185 1055 ad
1200 999 1260 1055 An·

92 1084 220 1159 sycitam
241 1082 358 1141 mittat.
614 1081 617 1088 '
900 1082 915 1091 ”
1090 1119 1093 1131 .
1240 1126 1242 1131 .

126 1160 342 1230 «latronianus,
363 1162 446 1299 Hisgi.
461 1164 567 1231 Poeta,
578 1182 644 1220 cum
666 1160 799 1242 antiquis
809 1156 1040 1239 comparandus,
1052 1155 1184 1217 laudatus
1201 1154 1257 1215 hoc

93 1241 223 1299 nornine
243 1262 262 1300 a
279 1244 305 1301 S
320 1243 399 1300 Hier.
434 1262 449 1298 e
479 1240 552 1298 Viris
573 1241 669 1299 Illusr.
1119 1247 1122 1255 '
1245 1251 1248 1258 '

135 1320 275 1380 Lavinius
296 1322 307 1397 (
329 1322 427 1395 Pub.)
443 1362 453 1388 ,
473 1322 709 1379 Grammaticus.
729 1322 800 1393 Ejus
820 1318 892 1378 liber
912 1319 949 1378 de
967 1318 1057 1379 verbis
1078 1316 1205 1374 sordidis
1217 1315 1257 1375 ci·

91 1415 174 1458 satur
194 1421 211 1458 a
231 1401 331 1458 Gellio
351 1401 400 1457 lib.
423 1417 451 1457 2.
474 1418 497 1457 c.
520 1421 568 1459 ro.
588 1440 596 1465 ‚
617 1418 646 1458 et
667 1400 775 1457 dicitur
796 1418 859 1457 non
879 1398 1027 1459 incuriose
1047 1398 1185 1477 scriptus.
1197 1396 1257 1455 Hic

94 1480 173 1535 liber
190 1479 283 1542 desid.

139 1558 318 1627 lemnius,
339 1553 550 1639 reprebendens
578 1559 710 1617 Serrium
739 1558 894 1639 quemdam
915 1578 946 1618 su
968 1578 997 1617 es
1017 1554 1255 1638 orthographia,

95 1634 251 1697 defensum
273 1661 289 1699 a
309 1640 439 1701 Messalla
450 1684 460 1710 ,
471 1642 584 1720 ¹citatur
604 1660 621 1699 a
642 1638 835 1716 Quintiliano
855 1640 875 1695 l.
891 1658 918 1708 9.
976 1637 1116 1693 arrunte.
1131 1637 1201 1701 ,obi
1218 1634 1254 1693 de

99 1718 323 1791 Composuisse.
394 1782 396 1787 ,
565 1722 570 1729 ’

138 1797 253 1854 Laurea
274 1802 284 1875 (
303 1798 420 1857 Tollius
441 1798 476 1874 l.
495 1797 645 1857 Ciceronis
666 1795 795 1867 llbcrtns,
815 1801 904 1857 Poeta
924 1798 1113 1880 Epigramm.,
1127 1796 1255 1855 Patrono

92 1898 177 1937 carus
190 1922 197 1933 .
212 1879 284 1953 Ejus
302 1879 534 1950 laudatissimum
556 1878 702 1957 Epignde
717 1877 808 1952 Aquis
830 1872 1137 1937 Ciceronianisaffertur
1151 1875 1256 1933 aPlin.

94 1957 137 2037 Η.
157 1956 196 2013 Ν.
209 1958 229 2013 l.
249 1980 318 2027 3r.,
339 1960 418 2038 quorl
438 1958 538 2037 legisse
559 1976 620 2013 non
642 1954 807 2035 poenitebit
831 1958 953 2015 Poeseos
980 1956 1166 2022 studiosum,
1187 1952 1256 2016 licet

92 2033 241 2097 notanihil
263 2038 379 2096 obscura
401 2038 494 2115 prima
514 2033 648 2093 Disticha
670 2036 745 2093 milti
766 2037 1020 2095 rideantut.Alia
1042 2034 1167 2091 Laureae
1187 2034 1256 2091 Poe·

93 2118 155 2175 sica
165 2160 172 2183 ‚
183 2136 266 2195 quae·
276 2115 465 2195 proculdubio
475 2115 595 2184 edidit,
606 2115 697 2173 desid.
719 2113 819 2191 tiburis
839 2118 976 2175 Ciceronis
989 2114 1112 2195 appellat
1126 2112 1256 2177 Mores,

95 2216 171 2272 quae
192 2214 258 2275 post
277 2197 399 2274 Patroni
419 2189 542 2270 inoite'm
564 2196 702 2253 intentae
724 2191 840 2254 bierunt
861 2198 894 2253 in
915 2197 997 2275 Sylva
1010 2195 1146 2275 contigua
1169 2192 1254 2251 villae

93 2271 269 2343 Cicmonis,
290 2296 375 2355 quam
397 2273 578 2332 Academiam
599 2275 717 2332 vocabat
735 2298 742 2331 ι
762 2277 795 2333 in
816 2297 892 2356 qua,
907 2270 948 2335 'ut'
965 2275 1086 2334 arbitror
1102 2270 1254 2341 ,iocosam

93 2354 161 2431 QQ.
174 2354 261 2411 libros
280 2353 442 2413 lucubravit
455 2398 461 2410 .
475 2356 537 2412 Hae
556 2373 644 2433 aquae
665 2354 739 2413 male
758 2350 979 2415 affectis·²‘o'culis
1001 2354 1134 2413 salutares
1155 2368 1251 2411 eranst.

93 2435 210 2491 Laurea
229 2435 338 2493 claudit
359 2435 455 2515 Epigr.
470 2454 553 2494 suum
574 2435 694 2493 disens:
713 2432 877 2513 opportune
899 2438 932 2493 in
954 2435 1104 2495 Ciceronis
1115 2431 1196 2491 Villo
1208 2433 1253 2490 in·

96 2533 226 2587 sensas,
244 2532 293 2577 ut,
312 2515 453 2593 quoniam
475 2531 571 2571 totum
594 2532 642 2593 per
663 2512 761 2572 orbem
783 2514 931 2595 legebatur
947 2514 1082 2580 Tullius,
1105 2512 1165 2569 sint
1194 2510 1256 2590 plu·
1288 2531 1291 2537 ·

92 2614 138 2652 res
159 2612 271 2674 aquae,
291 2612 362 2675 quae
381 2593 476 2652 oculis
494 2592 682 2651 medeantur.
703 2595 746 2652 Ex
768 2596 872 2674 quibus
893 2588 1086 2675 intelligitur,
1102 2591 1252 2649 Ciceronis

93 2673 309 2753 scripta-inter
330 2673 473 2741 Graecos,
493 2674 658 2747 Asiaticos,
679 2692 708 2731 et
729 2670 818 2732 Alios·
836 2674 926 2741 lecta,
949 2692 977 2732 et
999 2671 1149 2731 Ciceronis
1180 2684 1251 2729 aero

95 2756 270 2812 Romanam
287 2750 479 2811 litteraturam
492 2754 685 2809 'communem
706 2754 848 2836 interjeas
868 2770 970 2832 gentes
989 2748 1094 2817 fuisse,
1234 2784 1238 2791 ·

135 2834 251 2891 Murus
259 2876 273 2903 ,
290 2829 400 2891 Rhetor
412 2876 419 2901 ,
430 2852 459 2891 et
478 2830 664 2892 Caussid'ims
674 2878 682 2891 .
694 2834 769 2891 Eum
783 2833 857 2907 ridet
869 2826 955 2890 Mart.
969 2830 990 2889 l.
1002 2848 1029 2888 z.
1041 2829 1131 2902 Epig:
1139 2828 1252 2883 iehan.

95 2934 183 2982 sum,
204 2932 238 2971 eo
259 2912 359 2993 quod,
376 2932 463 2970 senex
483 2932 549 2970 cum
571 2924 662 2975 esset,
681 2911 848 2971 delrb'el'ar’et
861 2956 869 2981 ,
883 2927 981 2985 utrum
994 2928 1023 2968 se
1042 2910 1122 2967 inter
1139 2904 1250 2965 Rheso·
1292 2926 1300 2943 ⁴

92 3014 157 3059 res,
180 2994 350 3060 anve-inter
370 2992 552 3051 Caussidicos
573 3001 775 3051 numeraret.'
814 2992 842 3014 '¹
899 3010 903 3017 ’
1141 3002 1147 3023 ⁵
1185 3002 1190 3013 ’
1232 3056 1238 3061 ..

133 3072 264 3151 Lausus.
285 3072 336 3130 Ad
354 3091 422 3129 eum
437 3089 509 3132 sunt
519 3072 664 3150 Martialis
683 3071 897 3154 Epigrammata
916 3068 1058 3129 nonnulla
1078 3068 1124 3125 lib.
1140 3074 1175 3135 6,,
1189 3062 1253 3146 qoi-

93 3152 147 3214 bus
168 3152 335 3221 indicatur,
354 3171 424 3210 eum
442 3152 538 3212 sirum
561 3151 703 3221 doctum,
723 3172 752 3211 et
772 3152 928 3221 Poetarum
947 3152 1074 3211 amicum
1094 3144 1181 3206 baisse
1195 3190 1229 3205 ...

553 3312 736 3369 Corollarium
757 3311 799 3369 11.

132 3392 236 3469 leges,
249 3393 360 3452 Romae
380 3388 449 3451 ferri
471 3409 533 3450 non·
554 3403 685 3471 poterant
707 3394 770 3451 sine
791 3391 877 3453 bonis
897 3382 1052 3470 disspiciis.
1072 3390 1102 3447 Si
1122 3384 1251 3451 tonabat,

94 3476 121 3534 si
142 3474 389 3555 grandinabat,si
410 3471 554 3553 procella,
568 3472 613 3529 tel
631 3472 720 3531 turbo
739 3490 807 3538 erat,
830 3474 875 3530 lex
896 3468 962 3528 ferri
983 3470 1115 3527 Romano
1127 3466 1186 3524 n'on
1201 3482 1251 3544 po·

89 3572 185 3613 terat:
203 3571 255 3612 nee
273 3573 336 3613 rata
356 3550 523 3619 habebatur,
536 3554 582 3609 Au
603 3552 703 3610 usibus
719 3552 909 3619 inconsultis,
921 3550 999 3609 etl’o
1022 3548 1069 3607 ulo
1091 3566 1156 3604 non.
1173 3564 1258 3623 rogas

90 3652 141 3693 to.
167 3630 258 3709 leges
280 3634 429 3693 Romanae
453 3652 488 3689 12
508 3572 611 3689 Tabai.
625 3629 722 3712 (quas
738 3633 862 3711 integras
883 3646 943 3689 non
959 3568 1100 3688 'habemus
1121 3624 1143 3699 l*
1159 3626 1247 3697 lastae,

89 3731 120 3773 et
148 3730 216 3772 atae
226 3712 340 3775 habitae
352 3710 467 3773 fuerunt
480 3705 571 3771 ait-V.
581 3710 614 3769 C.
627 3732 691 3787 300.
706 3713 783 3770 Vid'e
795 3709 938 3769 Tabulae:
956 3708 1069 3766 Tullius
1082 3709 1117 3765 in
1131 3705 1163 3763 T.
1173 3705 1249 3777 Con-

89 3734 210 3854 sulibus
229 3796 333 3875 Spurio
351 3796 475 3873 Tarpeio
488 3836 496 3862 ,
508 3810 537 3850 et
558 3794 594 3849 Α.
606 3791 763 3849 Terminio
784 3790 890 3852 factum
912 3788 1251 3865 szc,‚,Plebiscir0-corr.

86 3874 338 3959 firmatumque
356 3874 505 3934 dommum
524 3864 592 3943 fuir,
618 3892 642 3948 3.
654 3873 784 3931 triremes
803 3891 856 3952 pro
869 3875 1017 3946 majestate
1030 3871 1101 3949 Pop.
1109 3869 1254 3927 Romin-
