3317 4817
633 126 645 160 t

626 304 690 368 DE,
1133 327 1165 369 rr

89 381 198 465 gisnes,
219 378 387 444 circitorum
409 403 510 453 rnorc,
533 380 712 444 confidenter
726 385 841 466 popello
861 404 921 445 sese
940 383 1114 448 venditare.
1136 331 1234 449 ninas

87 482 147 521 sunt
164 461 318 523 clamantes
338 465 372 522 in
393 463 545 546 paludibus
566 463 699 524 limosisss
720 467 878 546 Strepitum
900 464 989 526 facere
1010 483 1153 548 possunt:
1177 469 1228 539 do·

86 543 201 602 trainam·
212 563 291 602 verae
305 545 468 624 Sapientiae
486 545 638 604 insinuare
652 563 712 602 non
726 565 847 624 possunt
858 546 874 619 ζ
883 549 961 608 ItaS.
972 549 1046 629 Aug.
1059 549 1145 606 Serm.
1161 543 1232 624 95.)

87 621 155 680 Vide
174 623 212 700 Q
225 617 307 682 Mod.
320 625 475 700 Censorini
496 613 618 684 Dissert.
638 645 659 697 5.
673 626 701 682 in
722 625 881 683 Paradoxis
900 627 935 684 de
965 626 1053 691 Vtra,
1074 643 1102 684 et
1132 625 1233 685 Morte

86 697 293 782 batlinguae..
307 705 383 763 Illud
404 721 493 786 puto,
506 705 670 785 Epieutacis
694 706 836 784 prisci,et
857 706 950 765 nostri
971 708 1034 767 aevi
1057 725 1155 786 patum
1177 707 1238 786 pla·

85 781 191 849 tuisse,
214 783 294 862 quod
314 783 473 865 voluptatis
493 800 612 856 assertor
633 783 795 864 Epicurus,
814 790 895 864 cujus
916 787 1075 846 sententias
1096 806 1176 865 saepe
1196 783 1238 844 af·

86 855 134 918 fert
146 863 247 923 Seneca
261 863 293 922 in
304 863 450 939 Epistolis,
470 863 558 924 libros
580 883 645 924 suos
665 883 768 924 omnes
788 865 935 934 oleribus,
950 883 979 924 et
999 865 1104 947 pomis,
1119 863 1239 928 vilibus·

86 959 135 1018 que
153 941 218 999 aliis
238 942 313 1002 cibis
331 945 482 1024 repleverit
496 990 504 1014 ‚
518 943 685 1024 eisdemque
707 945 809 1004 doceat
830 946 1013 1006 vivendum.
1035 946 1112 1002 Vide
1132 946 1236 1018 Epicu·
1289 993 1292 1000 .

86 1021 137 1076 mei
155 1022 187 1078 in
201 1021 248 1090 E„
261 1040 290 1084 ct
307 1025 425 1084 Stridarn
447 1024 533 1084 verbo
554 1027 703 1123 Arpefflgg
728 1025 777 1084 ubi
791 1043 904 1096 narrat,
927 1026 1000 1106 quid
1020 1024 1096 1086 Litii
1116 1025 1150 1081 in
1170 1026 1236 1084 Cre·

85 1131 109 1170 ta
122 1132 219 1175 contra
227 1117 398 1197 Epicuraeoe
411 1120 589 1184 decreverint
600 1170 608 1194 ,
619 1125 675 1207 legi
696 1126 836 1207 dignum.
849 1124 896 1181 En
905 1122 970 1179 Silii
983 1117 1080 1178 Italici
1091 1117 1238 1196 contrudi·

85 1194 226 1272 picurmos
246 1198 280 1255 in
300 1202 436 1259 omnium
458 1204 632 1283 templorum
654 1203 763 1264 foribus
783 1202 933 1262 scribenda
954 1200 1108 1259 Carmina.

192 1275 304 1352 Quippe
323 1299 371 1337 nec
389 1281 432 1338 ira
453 1281 548 1340 Deum
571 1303 695 1354 tantum,
717 1305 766 1344 nec
787 1283 865 1354 tela,
886 1301 936 1338 nec
956 1277 1067 1349 hostes,

194 1355 339 1432 Quantum
360 1361 422 1418 sola
442 1381 523 1421 noces
543 1367 642 1424 aniona
662 1366 767 1440 illapsa
792 1364 945 1438 voluptas.

194 1437 325 1496 Ebrietas
346 1441 396 1497 tibi
410 1440 469 1516 fida
490 1461 601 1510 comes,
621 1447 671 1504 tibi
690 1447 777 1504 luxus
789 1472 807 1513 ,·
820 1460 847 1502 et
867 1442 961 1517 atrr'sts<

195 1516 303 1574 Circum
325 1536 352 1576 re
373 1525 618 1594 sempernolirans
638 1523 756 1602 infamia
771 1523 890 1598 pennis.
1230 1595 1235 1600 ⁴

118 1592 295 1665 Demetrius',
316 1598 392 1657 Phil.
404 1603 499 1674 Hujus
517 1604 617 1662 librum
637 1607 670 1663 de
692 1605 844 1664 Concordia
863 1598 1082 1660 misit'Tullius
1110 1597 1147 1663 ad
1176 1597 1230 1657 At·

83 1673 188 1732 ticurn.
212 1678 249 1740 V.
266 1678 356 1754 Epist.
371 1690 417 1737 ro.
437 1682 484 1739 lib.
497 1697 545 1752 8.,
567 1702 596 1744 ct
618 1707 664 1745 21.
685 1685 733 1744 lib.
757 1705 785 1755 9.
806 1684 911 1758 Epistt.
932 1681 970 1740 ad
989 1681 1145 1739 Atticum.
1166 1679 1226 1738 Hic
1308 1738 1310 1743 ,

83 1755 147 1810 liber
164 1757 257 1814 desid.

116 1834 291 1914 Demetrius,
301 1840 429 1918 Cynicus
449 1840 540 1913 Phil,
558 1861 586 1904 ct
606 1847 727 1915 Orator,
743 1846 824 1919 cujus
836 1840 974 1900 meminit
987 1842 1054 1900 Tac.
1064 1837 1125 1908 ta
1136 1835 1215 1894 ffist·
1225 1878 1238 1905 s

82 1931 108 1970 ct
127 1917 188 1973 Sen.
206 1917 241 1974 de
261 1917 428 1996 Benefila.
441 1942 464 1979 e.
480 1945 505 1980 r.
527 1939 576 1993 e.‚
600 1944 629 1984 et
652 1947 679 1996 ρ.
692 1926 915 1993 ωαιὶηιίε·τ,ειιιη
936 1938 1044 1978 ornans
1064 1917 1232 1976 encomiis.

23 2065 25 2070 ,
80 1993 185 2054 Floruit
209 1996 260 2055 sub
273 2001 306 2058 C.
320 2001 449 2082 Caligula
467 2047 477 2071 ,
495 2005 546 2084 qui
561 2026 647 2069 ‚cum
668 2007 696 2065 ei
717 2025 766 2085 per
786 2001 1008 2064 internuncium
1029 2016 1165 2080 magnam
1185 2016 1237 2058 aue

79 2073 101 2129 ri
122 2077 181 2133 vim
205 2073 337 2147 offerret,
349 2101 382 2139 ut
394 2102 454 2140 rem
475 2085 615 2162 injustam
632 2102 769 2166 patraretr
783 2102 887 2166 magna
899 2100 966 2141 cum
979 2078 1110 2138 libertate
1120 2095 1236 2156 respon·

80 2153 136 2222 dit,
157 2157 379 2219 internuncium
401 2183 417 2220 a
438 2183 466 2221 se
486 2166 640 2238 rejiciens:
660 2163 692 2222 Si
715 2165 819 2224 Caesar
836 2183 879 2220 me
902 2177 1011 2219 tentare
1036 2157 1238 2225 constituerat,

83 2250 135 2291 toto
157 2257 230 2294 eram
255 2243 431 2314 experiendas
451 2237 581 2320 imperio.
603 2247 672 2324 Ejus
693 2246 804 2326 Scripta
824 2243 917 2302 dotid.
1150 2243 1157 2248 ’
1237 2288 1240 2299 ·

115 2317 301 2386 Demetrius,
325 2319 401 2380 Phil.
414 2323 486 2382 item
509 2317 651 2403 Cynicus,
669 2346 720 2395 ac,
743 2344 775 2386 ut
796 2340 888 2405 puto,
910 2343 925 2382 a
945 2317 1234 2402 praeced-diversus,

85 2393 132 2453 sub
145 2399 262 2455 Nerone
277 2398 375 2460 floruit
387 2421 475 2483 usque
488 2405 523 2464 ad
535 2405 652 2485 Vespas.
665 2407 731 2482 ,qui
751 2425 817 2466 eum
839 2403 966 2463 exsulare
987 2399 1072 2477 jussit
1091 2395 1129 2458 ob
1141 2393 1237 2456 effrae-

83 2493 175 2535 natam
200 2476 348 2559 linguam.
371 2481 540 2554 Demetriusj
553 2487 674 2568 cognito
689 2485 860 2565 Vespasiani
872 2484 986 2542 decreto
996 2477 1237 2563 ‚dictitabttgw

80 2556 189 2634 galibus
213 2563 292 2627 tuis,
314 2561 392 2619 nolle
413 2583 442 2621 se
462 2567 652 2646 Vespasiano
665 2565 804 2626 obedire.
826 2564 917 2642 Quod
938 2563 1031 2620 sciens
1058 2562 1182 2647 vespas..
1197 2555 1246 2628 ad,

79 2655 141 2694 curn
165 2637 300 2697 lictorem
322 2642 414 2707 misit,
425 2644 476 2723 qui
497 2647 524 2704 ci
545 2648 725 2705 renunciaret
737 2645 920 2724 Imperatoris
941 2641 1103 2700 nominc:
1124 2636 1246 2697 .V1de·2

77 2716 133 2784 ris,
154 2719 391 2784 Demetriacus
412 2743 458 2782 me
477 2745 576 2805 cogere
597 2727 633 2784 ad
653 2743 684 2784 te
703 2724 914 2784 occidendum.
928 2723 1037 2780 Verum
1057 2738 1110 2802 ego
1131 2735 1247 2784 mrtem,

79 2793 234 2855 leuantem
257 2817 319 2858 non
339 2802 478 2860 occido:
501 2810 561 2867 .Dc
581 2825 616 2864 eo
637 2806 838 2871 saltationem,
853 2822 882 2862 et
902 2800 1039 2861 celebrem
1060 2799 1235 2863 saltatorem,

78 2875 127 2944 sub
149 2879 270 2949 Nerone
290 2897 521 2953 contemnente,
543 2883 612 2945 vide
634 2885 710 2944 Cael.
725 2883 853 2964 Rhodig.
865 2885 885 2940 t.
900 2903 926 2944 5·
942 2900 965 2938 ί·
978 2901 1007 2949 3·
1020 2878 1085 2937 Μ’
1098 2878 1204 2952 ‘'Vllu-
1225 2921 1229 2929 ·

110 2956 292 3026 Demetrius,
314 2961 423 3026 Poeta,
443 2965 570 3023 Horatio
590 2985 731 3025 coaevus.
753 2966 826 3022 Eum
848 2961 965 3020 Simiam
984 2957 1109 3039 appellat
1135 2959 1230 3023 lion,

73 3034 131 3104 rel,
153 3037 235 3117 quod
255 3057 373 3118 corpore
394 3039 532 3102 deformis
552 3060 649 3109 esset.
667 3044 734 3112 vel,
754 3045 834 3123 qaod
854 3043 928 3103 alios
948 3039 1059 3099 imitari
1080 3037 1231 3098 studeret.

73 3132 103 3171 ut
123 3118 216 3176 risum
238 3119 397 3188 excitaret,
420 3122 466 3180 rel
486 3125 604 3184 tandem
619 3125 706 3204 ‚quia
728 3118 1105 3189 Poctas'celebrescalrum
1116 3157 1124 3180 a
1136 3134 1165 3176 et
1178 3116 1231 3174 Ca·

77 3194 180 3264 tullum
203 3201 279 3258 rnale
301 3199 486 3262 imitaretur.
508 3205 577 3282 Ejus
597 3204 733 3262 Poematia
753 3203 865 3274 latent,
887 3201 934 3263 tcl
953 3201 1116 3282 perierunt.
1166 3241 1173 3253 .

527 3343 710 3400 Corollarium
732 3341 773 3401 ll.

112 3414 282 3486 Denarius,
301 3419 452 3486 Romanus
473 3441 611 3481 nummus
631 3441 689 3482 erat
704 3419 929 3504 argenteus,qui
953 3437 1079 3479 10.assee
1102 3413 1229 3474 valebat.

73 3495 220 3554 Nummus'
242 3517 341 3556 aureus
363 3501 562 3560 Romanorum
582 3503 730 3574 constabat
750 3509 797 3562 2'5.
811 3501 946 3558 denariis.
1167 3572 1170 3576 λ

114 3573 358 3649 Designationes,
371 3597 508 3658 tanquam
520 3584 645 3661 Scriptor
665 3582 799 3644 Medicus
818 3584 924 3640 citatur
944 3601 960 3638 a
979 3574 1124 3641 Marcello,
1135 3573 1238 3632 Trito·-

73 3653 153 3712 dosii
176 3657 218 3714 M.
235 3655 404 3718 Archiatro:
424 3679 440 3720 a
460 3680 518 3745 quo
539 3663 628 3738 etiam
649 3661 849 3722 consulebatur
864 3661 903 3719 in
923 3659 1020 3720 dubiis
1049 3657 1128 3721 suis.
1151 3653 1228 3711 Vide

75 3731 239 3796 Marcellus
258 3737 292 3794 in
317 3737 362 3796 M.
455 3809 460 3814 Ι
514 3800 518 3812 ,
691 3787 693 3794 ,
779 3773 782 3778 ·
963 3736 967 3747 '
1176 3773 1179 3779 ¹
1245 3795 1249 3802 .

111 3815 259 3892 Dexter(
280 3817 359 3876 Flav.
372 3822 480 3890 Lucius
495 3820 528 3896 l,
548 3821 631 3902 Hisp:
641 3813 724 3880 Hier.
744 3866 752 3891 ,
774 3823 800 3880 S.
816 3818 935 3880 Paciani
964 3815 1100 3896 Episcopi
1133 3813 1223 3900 liutei.
1243 3879 1250 3892 ⁴

69 3910 139 3956 non.
151 3896 330 3966 doctissimi.
342 3897 430 3965 illius.
448 3898 542 3974 Praei.
562 3920 602 3980 prs
617 3899 677 3974 sub.
689 3904 823 3980 Honorio
844 3901 878 3963 in
898 3897 965 3988 fine
977 3897 1101 3986 432Eccl.
1121 3895 1249 3955 Seculi.'
