3317 4817
418 406 453 470 in
473 344 626 481 aedmeri,
646 412 677 459 et
696 397 734 459 de
751 394 995 480 pronunciatione
1015 396 1098 457 verba
1125 394 1215 459 facit.
1236 378 1402 475 stipatam
1430 398 1568 482 plurima}

419 505 494 552 rum,
514 480 702 557 Hymnorunt,
717 479 869 553 etEpodon
890 475 993 535 lucilii
1013 475 1170 561 fragmenta
1191 497 1343 559 supersunt
1355 478 1390 539 ab
1409 480 1568 561 stephanis

421 564 549 641 culleum,
562 576 592 619 et
610 559 769 619 accuratius
787 578 804 618 a
824 558 975 616 Francisco
995 558 1182 627 Dounatani
1194 555 1344 623 filio‚cum
1366 561 1463 619 notis.
1477 562 1564 623 Obiit

420 646 481 705 Nea
522 641 544 698 li
563 638 616 698 sub
634 657 682 696 an.
696 640 733 696 V.
741 638 774 696 C.
790 644 863 710 1⁶5¹·
875 654 921 696 an.
933 638 1041 711 aetatis
1056 659 1103 713 43.
1115 638 1143 695 A
1155 638 1302 705 Cicerone,
1314 640 1432 708 Seneca,
1446 640 1546 699 Gellio
1559 681 1569 709 .

419 738 449 780 ct
469 718 536 778 aiis
554 718 685 796 antiquis
702 735 799 777 versus
819 716 922 773 Lucilii
942 736 1023 797 saepe
1042 716 1185 776 citantur.
1205 718 1313 776 Verum
1334 718 1462 802 integrae
1481 720 1566 795 Saty.

421 817 469 858 rae
489 795 585 856 nullae
604 797 752 877 leguntur.
774 795 843 854 Fuit
857 796 1009 874 'Scipionis
1030 792 1162 855 Africani
1181 798 1304 873 junioris
1323 799 1451 866 amicus,
1473 818 1504 859 et
1524 801 1571 859 ina

420 891 520 938 tectus
531 871 588 937 fuit
597 875 632 933 in
639 875 790 934 Metellum
799 874 1032 939 Macedonicum.
1039 876 1184 955 Scipionis
1193 878 1361 941 inimicum.
1371 894 1443 937 reste
1450 878 1568 937 Plinio.

457 956 606 1023 Latinius,
625 954 917 1033 Hispano-baeticus,
942 955 987 1013 vir
1007 974 1145 1015 sacrarum
1176 954 1333 1015 litterarum
1354 956 1570 1039 intelligentiae

421 1036 588 1103 studiosus,
609 1051 639 1093 et
658 1033 839 1093 ditissimus.
858 1033 946 1092 Misit
966 1033 1134 1094 Bethlehem
1154 1035 1189 1094 ad
1202 1036 1228 1093 S.
1243 1037 1365 1096 Hieron.
1378 1056 1412 1093 ex
1425 1038 1570 1116 Hispania

393 1187 396 1191 ¹
420 1124 448 1177 6.
462 1114 613 1184 librarios,
633 1129 667 1173 ut
685 1113 788 1172 omnia
807 1114 834 1171 S.
848 1112 971 1172 Hieron.
984 1114 1079 1194 Opera
1099 1131 1224 1174 accurate
1249 1114 1463 1185 describerent,
1483 1132 1515 1175 et
1534 1114 1570 1175 ad

423 1216 454 1255 se
473 1190 637 1253 deferrent.
657 1194 746 1253 Misit
765 1192 854 1251 etiam
876 1209 991 1252 tanturn
1011 1194 1073 1253 auri
1089 1193 1300 1274 Alexandrinae
1316 1239 1326 1263 ,
1345 1212 1375 1253 et
1403 1196 1570 1275 Hierosoly¹

420 1294 536 1334 morum
556 1273 707 1343 Eudemia,
727 1288 837 1354 quanto
857 1288 953 1353 posset
973 1274 1129 1334 multorum
1150 1275 1267 1355 inopiae
1288 1271 1571 1335 subveniri.Lauda·

419 1372 482 1423 tur,
502 1372 567 1413 tum
587 1358 649 1426 eius
668 1352 819 1423 studium,
841 1368 870 1411 et
889 1352 1004 1434 largitas
1023 1354 1057 1413 in
1077 1372 1230 1436 pauperes,
1252 1371 1315 1413 tum
1335 1355 1424 1415 eriam
1446 1354 1568 1423 odium,

440 1452 479 1492 uo
498 1450 641 1513 serpentes
661 1452 710 1511 per
729 1432 903 1512 Hispaniam
924 1432 1048 1493 haereses
1068 1430 1295 1515 prosequebatur,
1316 1435 1369 1492 aS.
1391 1434 1517 1492 Hieron.
1537 1435 1571 1491 in

419 1452 515 1587 lipia.
529 1514 568 1575 aa
591 1511 762 1605 Theodoram
782 1512 890 1571 Lauinii
910 1533 1028 1573 uxorem
1045 1558 1052 1582 ,
1074 1533 1128 1594 qua
1148 1534 1211 1571 earn
1225 1513 1396 1572 ‘consolatur
1417 1514 1450 1570 in
1475 1532 1568 1571 morte

422 1591 537 1660 mariti,
558 1611 629 1672 quae
648 1591 840 1656 accidaneum
861 1593 887 1650 is
905 1594 1094 1653 constituerat
1114 1592 1150 1651 ad
1170 1592 1322 1653 Orientem
1341 1588 1570 1662 reconferrc,ur

426 1673 453 1731 S.
468 1670 604 1739 Hieron„
625 1687 655 1729 et
675 1673 736 1730 loca
756 1674 857 1729 Sancta
876 1672 1031 1731 inviseret.

444 1788 448 1793 -
462 1752 581 1820 Lucius,
593 1752 682 1812 Poeta
692 1751 915 1833 Tragoediarurn
927 1753 1052 1831 Scriptor
1061 1794 1070 1819 ,
1080 1750 1115 1810 de
1126 1769 1184 1831 quo
1195 1750 1320 1812 Macrob.
1329 1755 1350 1812 l.
1364 1770 1391 1810 a.
1399 1750 1570 1822 Saturum.

463 1831 588 1899 Lucius,
611 1832 738 1898 Orator,
759 1849 789 1889 et
809 1832 919 1898 Poeta,
941 1832 1082 1889 Martialis
1102 1838 1173 1889 aevo
1192 1830 1295 1889 clarus.
1327 1831 1472 1890 Martialis
1493 1832 1571 1889 indi-

424 1926 471 1972 cat
490 1910 537 1969 lib.
558 1931 584 1968 r.
608 1906 696 1971 fuisse
715 1909 797 1968 valde
816 1909 964 1979 divitem,
987 1928 1016 1968 et
1037 1910 1158 1969 natione
1175 1910 1356 1989 Hispanum.
1378 1912 1450 1970 Fuit
1476 1907 1568 1970 humo

421 1988 545 2053 facetus.
564 1992 610 2049 De
628 2010 664 2049 eo
685 1988 776 2047 multa
796 1988 872 2048 Cael.
885 1988 1012 2071 Rhodig.
1023 1990 1043 2046 l.
1058 2008 1106 2047 ao.
1118 2008 1140 2045 c.
1159 1997 1206 2047 26.
1217 1990 1279 2049 lect.
1294 1990 1380 2065 antiq.

464 2072 607 2131 Lucretius
628 2070 639 2145 (
658 2071 695 2129 T.
707 2070 795 2129 Catus
807 2071 845 2205 p,
866 2088 952 2148 quem
974 2068 1097 2127 Ricciol.
1110 2070 1190 2128 inter·
1207 2070 1308 2128 Portas
1321 2090 1347 2129 ι.
1359 2068 1456 2129 classis
1475 2088 1571 2142 recen·

422 2165 480 2217 set,
502 2151 571 2228 quia
589 2146 755 2207 archaismis
777 2166 916 2207 recatus:
936 2145 994 2208 fuit
1014 2146 1091 2207 Phil.
1104 2149 1222 2229 Epicuri
1248 2164 1391 2216 sectator,
1412 2153 1494 2225 cujus
1522 2149 1572 2208 do·

330 2256 333 2263 ·
422 2229 517 2287 ctrina
538 2231 673 2288 Poemate
693 2248 745 2288 suo
765 2248 932 2307 promovere
953 2247 1066 2287 summo
1087 2228 1186 2286 studio
1206 2228 1327 2291 nititur,
1347 2228 1505 2309 Epicurum
1528 2246 1569 2287 su·

421 2328 472 2367 um
492 2308 575 2367 valde
590 2307 818 2376 commendans,
838 2325 866 2365 et
887 2306 1041 2367 Atheismo
1061 2303 1182 2367 favens.
1203 2308 1239 2364 A.
1251 2308 1389 2374 Cicerone
1413 2311 1475 2384 ejus
1498 2306 1568 2365 Poe·

405 2403 470 2446 'rua
489 2388 673 2446 emendatum
695 2388 802 2446 dicitur
814 2386 911 2465 ,quod
925 2385 961 2447 ab
980 2388 1115 2452 Auctore.
1135 2402 1228 2447 morte
1245 2387 1398 2447 immatura
1419 2388 1569 2454 extincto,

422 2470 556 2547 praestari
576 2485 637 2524 non
657 2468 754 2545 potuit
772 2511 778 2524 .
797 2467 1012 2545 OpusLucretit'
1031 2464 1112 2525 valde
1133 2484 1266 2524 mancum
1288 2466 1323 2525 ad
1345 2485 1398 2523 nos
1417 2466 1570 2546 pertenit.

421 2548 578 2623 Supersunt
598 2562 721 2623 namque
741 2546 883 2604 solum'o.
897 2546 984 2605 libri.
1005 2564 1040 2604 ex
1063 2568 1131 2609 au,
1151 2561 1180 2602 et
1197 2563 1234 2603 co
1258 2544 1402 2624 seriphus,
1424 2546 1458 2602 in
1480 2564 1518 2602 co
1538 2558 1570 2603 nt

421 2624 529 2683 dicitur
549 2624 715 2684 contentis.
737 2628 765 2682 A
785 2626 933 2683 Prisciano
952 2626 1032 2683 enim
1053 2626 1159 2699 citatur
1178 2624 1249 2681 liber
1268 2645 1294 2685 7.
1317 2644 1333 2683 a
1356 2622 1510 2683 Macrobio
1522 2624 1569 2679 lib.

425 2723 491 2769 17„
512 2720 541 2761 er
560 2706 651 2761 Varro
671 2704 770 2775 litam
784 2705 816 2760 de
837 2706 932 2781 lingua
955 2706 1016 2763 Lat.
1029 2702 1118 2762 tradit
1141 2720 1293 2765 unum,ct
1313 2723 1360 2761 ao.
1375 2702 1463 2761 libros
1483 2706 1568 2762 aLu-

420 2784 512 2841 cretio
531 2782 646 2841 relictos
666 2779 772 2843 fuisse.
793 2786 865 2841 Sunt
884 2786 1002 2851 tamen,
1023 2784 1073 2862 qui
1094 2799 1217 2861 putent,
1237 2801 1305 2840 eum
1319 2782 1355 2840 de
1375 2780 1458 2850 alio,
1481 2780 1568 2839 nubis

399 2864 525 2943 ,ignoto
545 2864 690 2931 Lucretio,
709 2864 755 2922 vel
775 2861 811 2921 de
830 2862 888 2921 alio
908 2863 1030 2942 Lucretii
1049 2882 1133 2942 opere
1153 2861 1251 2943 loqui.
1263 2861 1391 2921 Ovidius
1411 2858 1449 2920 dc
1469 2860 1571 2919 Lucre·

424 2944 458 3000 rii
476 2942 654 3001 carminibus
673 2944 805 3004 cecinit·
850 2974 852 2979 ·

583 3021 711 3080 Cannina
731 3020 855 3079 sublimis
875 3038 941 3079 runc
962 3037 1026 3079 suut
1047 3018 1329 3097 peritura‘Lucrcrl,

661 3102 760 3166 Exitio
780 3116 947 3159 terrassiam
968 3102 1043 3161 dabit
1065 3122 1120 3161 urta
1140 3102 1217 3161 dies.

423 3180 549 3261 Poggius
568 3195 689 3238 testatur
702 3202 750 3250 ,se
771 3198 879 3259 partem
900 3182 1037 3252 Lucretii,
1050 3202 1120 3262 quae
1140 3180 1266 3250 latebat,
1286 3174 1450 3240 invenisse.
1474 3182 1575 3241 Lucre·

424 3259 501 3321 tius,
522 3258 579 3317 sibi
599 3276 722 3319 mortem
743 3262 886 3319 conscivit
906 3260 1070 3335 an.,aetati‘s
1090 3280 1215 3333 arante
1235 3258 1385 3337 Christum
1412 3278 1456 3332 51.
1477 3261 1517 3317 V.
1539 3260 1571 3318 G

343 3348 372 3383 ἰ
423 3358 490 3412 703.
503 3337 724 3419 Pelignaccius,
744 3340 861 3399 celebris
881 3341 970 3399 Poeta
990 3341 1110 3405 Gallus,
1131 3358 1228 3417 postea
1248 3342 1273 3398 S.
1290 3339 1364 3401 Eccl.
1384 3338 1572 3404 cardinalis,

354 3434 357 3438 ’
399 3420 402 3427 ’
422 3418 662 3492 Anti-Lucretium
682 3421 797 3487 edidit,
818 3420 896 3497 quod
916 3421 999 3499 Opus
1019 3441 1085 3479 cunr
1107 3418 1205 3498 plausu
1225 3420 1493 3500 legitur,utctiam
1506 3416 1573 3475 Phi·

421 3498 549 3569 lotophia
571 3497 792 3575 Antiqua-Nova
811 3501 843 3557 Ρ.
854 3497 986 3557 Thomae
998 3502 1111 3568 Cetae,
1133 3501 1183 3579 qui
1203 3501 1236 3557 in
1256 3518 1309 3569 ca,
1330 3498 1464 3557 carmine
1481 3496 1576 3557 heroi·

420 3594 477 3643 co,
499 3578 657 3638 literarium
678 3583 710 3639 in
732 3579 832 3639 multis
852 3575 1004 3637 refutavit.
1335 3650 1337 3655 ι

396 3657 403 3671 “
462 3655 602 3714 Lucullus
623 3659 639 3733 (
655 3662 694 3737 Q.
708 3660 774 3719 Fab.
791 3659 823 3733 l,
844 3661 951 3725 Poeta,
973 3664 1053 3729 cuius
1074 3658 1196 3738 Epirum
1218 3676 1332 3719 carmen
1352 3652 1458 3717 citatur
1480 3654 1580 3717 aFul·

394 3739 527 3815 '-gcntiu
549 3739 681 3798 Granum.
696 3740 785 3818 Quod
804 3757 917 3797 carmen
939 3738 1032 3796 desid.
1424 3806 1425 3811 ἵ

420 3815 443 3850 ³-
464 3815 604 3873 Lucullus
624 3820 708 3898 (L),
729 3819 943 3898 eloquentiaet
957 3817 1079 3889 militari
1100 3819 1208 3877 virtute
1230 3815 1371 3900 insignis.
1392 3814 1462 3875 Fuit
1484 3816 1579 3882 Cos..

418 3909 449 3956 ct
469 3913 537 3976 post
556 3898 664 3959 multas
683 3900 819 3960 victorias
838 3895 989 3979 triumpho
1003 3898 1158 3959 'decoratus
1178 3916 1224 3959 an.
1246 3916 1295 3971 70.
1314 3913 1383 3957 ante
1401 3894 1516 3960 christ
1536 3913 1583 3955 ae·
