3317 4817
663 319 719 388 ΑΒ
1026 372 1029 375 .
1190 346 1237 385 ιι*

194 465 199 473 ,
234 468 239 475 ,
562 407 750 467 Coroliarium
789 396 831 465 l':
888 414 896 430 ⁸
937 399 954 419 ⁸
980 402 997 455 ζ’
1019 422 1025 432 “
1051 455 1056 464 .
1141 401 1152 417 ’”

136 484 251 555 ’Ἀιᾱει
263 494 461 553 Romanomtn
475 487 631 563 illustrium
645 490 716 546 arria
730 486 881 552 habebunt,
890 484 922 546 in
971 482 1267 561 ibusMajommima·

115 576 199 660 gines
210 576 357 655 expositae
371 588 468 638 erant,
482 588 553 649 quae
574 569 607 625 in
628 564 741 626 firnebti
763 584 869 648 pompa
889 567 925 629 de
960 582 1141 625 uctorumer
1154 562 1277 625 familiar

116 653 211 716 afferri
232 652 383 713 solebant.
507 652 510 657 '
1004 687 1007 692 <
1269 668 1274 679 ⁴
1353 706 1355 711 s

160 733 292 791 Aediles.
314 735 388 793 Cura
409 729 524 789 aedium
538 726 770 809 publicarum‚et
792 726 989 808 privatarum,
1014 723 1264 803 aquaeductuum,
1306 728 1308 732 ’

119 814 298 880 cloacarum,
313 812 445 870 ludorum
460 809 651 891 publicorum,
673 825 815 874 annonae,
829 807 890 865 loca
910 808 942 864 in
964 803 1076 863 theatro
1087 805 1264 887 assignandi,

117 914 149 952 et
173 913 208 951 ne
231 891 305 951 fraus
325 890 404 951 fieret
424 891 456 947 in
479 888 673 969 ponderibus,
699 904 726 945 et
748 890 889 951 mensuris
908 886 946 945 ad
965 885 1080 943 Aediles
1100 885 1262 964 spectabat.

118 974 330 1049 Desiderantut
343 971 513 1048 Edictionts
535 968 683 1027 aediliciae
703 970 896 1029 innumerae.
915 967 973 1027 Hic
994 965 1177 1047 magistratus
1196 962 1267 1025 sella

117 1052 212 1113 curuli
232 1052 381 1111 utebatur.
1012 1086 1016 1091 -
1061 1048 1067 1055 '
1231 1099 1235 1104 .

160 1131 299 1190 Aedituus
321 1130 331 1207 (
344 1128 430 1205 Val.)
451 1130 539 1189 Poeta
551 1127 727 1213 Epigramm.
751 1123 920 1189 Affemntur
932 1125 968 1187 ab
978 1125 1014 1191 Α,
1025 1125 1090 1184 Gal.
1101 1124 1187 1183 Nece.
1199 1138 1264 1191 Art.

116 1212 139 1269 1.
157 1232 201 1280 ιφ.
214 1230 237 1268 t.
255 1232 281 1280 9.
302 1210 371 1269 bina
384 1208 499 1268 Aeditui
521 1210 616 1289 Epigr.
638 1209 795 1273 amatoria,
807 1226 880 1287 quae
893 1210 926 1265 in
939 1223 1089 1265 venustate
1100 1249 1108 1274 ,
1121 1222 1151 1264 et
1171 1209 1264 1266 suavi·

118 1308 180 1349 tate
199 1292 310 1371 opponi
332 1308 412 1369 posse
433 1289 557 1369 optimis
577 1288 750 1347 Graecorum
773 1287 809 1346 de
829 1287 923 1346 simili
942 1303 1113 1369 argumento
1143 1305 1262 1346 conten·

117 1370 206 1429 debat
226 1374 298 1429 Ant.
313 1369 444 1427 Julianus
457 1369 604 1447 Hispanus
625 1366 735 1427 Rheror
747 1413 753 1435 ‚
767 1384 795 1425 et
809 1369 941 1426 Gramm.
954 1366 1071 1431 doctiss.
1084 1409 1092 1433 ,
1104 1368 1164 1447 qui·
1174 1386 1207 1426 ea
1228 1369 1264 1426 in

115 1451 259 1509 conuitio
282 1447 408 1507 Athenis
429 1447 525 1505 velans
546 1467 639 1529 caput,
653 1468 731 1509 more
745 1449 908 1515 Socratico,
922 1446 1048 1526 eoquod
1068 1449 1206 1507 amatoria
1224 1466 1266 1508 et-

116 1530 359 1597 sent,recitavit‚
372 1545 404 1585 ut
424 1546 520 1587 eoram
541 1529 643 1587 amieis
663 1528 799 1589 litteratis
820 1528 987 1608 reprimeret
997 1528 1101 1586 Graeci
1112 1526 1262 1604 eujusdam

117 1610 244 1667 Asiatici
257 1655 263 1677 ,
278 1606 547 1667 illic‘accumbentis
560 1652 567 1675 ,
581 1606 728 1665 audaciam
739 1651 745 1677 ‚
758 1625 787 1667 et
807 1608 976 1683 iactantiam
989 1650 996 1673 ,
1007 1626 1066 1685 qua
1076 1606 1183 1665 latinos
1195 1609 1275 1665 Poe,-

117 1692 162 1745 t'as
174 1688 291 1748 Graecis
312 1688 397 1769 longe
418 1683 568 1745 inferiores
588 1683 676 1748 fixisse
688 1704 748 1747 non
760 1687 823 1743 sine
843 1686 989 1745 conviciis
1001 1684 1174 1748 affirmabat.
1197 1686 1276 1746 alia

117 1766 235 1823 Aeditui
262 1768 476 1847 Epigrammata
497 1766 609 1823 desid..
632 1766 776 1827 Laudatur
797 1786 813 1825 a
835 1766 938 1828 multis
957 1765 1106 1845 antiquis.
1124 1782 1155 1825 et
1174 1767 1273 1826 Varro

119 1846 278 1905 nonnullos
298 1852 359 1925 ejus
380 1864 476 1905 uersus
498 1846 589 1907 citat.

610 1942 636 1983 n·
657 1944 676 1981 o
698 1941 720 1981 r
743 1940 781 1985 aa

158 2006 201 2063 Ex
223 2004 315 2064 Gellii
338 2004 500 2064 narratione
521 2002 621 2087 colligi
634 2022 728 2085 potest
746 2030 752 2068 ς
768 2007 910 2073 Graecos,
922 2020 952 2064 et
966 2002 1127 2073 Asiaticos,
1139 2020 1206 2085 post
1216 2005 1272 2064 Ti·

120 2084 232 2143 berium
255 2088 438 2165 praesertim,
453 2084 503 2163 qui
517 2086 641 2146 multum
665 2085 776 2145 studuit
791 2104 839 2171 ptr
850 2085 970 2170 Imperii
990 2085 1163 2165 prouincias,
1179 2086 1271 2145 etiam

120 2165 265 2234 Orientis,
287 2166 408 2223 latinam
429 2164 559 2247 linguam
581 2184 750 2250 propagate,
773 2165 881 2227 latinae
893 2210 899 2233 ‚
912 2168 974 2223 sire
993 2166 1143 2227 Romanae
1163 2163 1271 2222 littera<

120 2261 201 2302 turae
221 2262 349 2325 expertes
371 2262 431 2301 non
448 2242 535 2303 fuisse
550 2289 556 2312 ‚
569 2265 600 2306 ao
621 2248 654 2303 in
676 2246 791 2325 seriptis
811 2246 1013 2305 Romanorum
1033 2245 1123 2305 etiam
1144 2245 1268 2326 poeticis

121 2338 246 2385 versatos
260 2322 373 2384 luisse.
395 2323 473 2382 Vide
496 2322 629 2386 Claudius
651 2327 684 2384 in
707 2325 886 2389 Crimina
905 2324 1004 2407 lingua
1024 2324 1059 2385 iu
1072 2323 1105 2388 L.
1172 2366 1177 2372 .
1231 2364 1236 2375 1

104 2424 110 2433 ·
562 2404 746 2463 Corollarium
775 2404 823 2466 VI,
1216 2414 1221 2429 “
1266 2426 1270 2434 ’

155 2484 294 2561 Aegyptii
315 2479 389 2543 fama
411 2481 560 2545 doctrinae
580 2484 614 2542 ab
635 2486 766 2563 antiquit
786 2483 968 2566 temporibus
987 2484 1118 2546 nomime
1128 2483 1269 2545 dicuntur

115 2566 282 2641 praesertim
310 2582 460 2645 postquam
490 2564 614 2623 Hebraei
645 2585 679 2622 ex
700 2564 844 2627 Chaldaea
865 2567 891 2621 Α
928 2581 1031 2643 ypturn
1062 2564 1266 2624 incoluerunt.

113 2642 160 2700 De
181 2644 392 2725 Aegyptiorum
414 2644 556 2719 ingenio,
578 2660 607 2700 et
627 2644 770 2712 doctrina,
784 2644 876 2723 deque
926 2644 1161 2707 lexandrinorum
1176 2644 1269 2718 ,mori-

113 2720 186 2790 bus,
208 2739 240 2781 et
259 2724 393 2784 omnium
415 2722 634 2807 disciplinarum
656 2724 766 2787 Scholia
788 2724 856 2785 tide
877 2723 953 2784 Cael.
976 2722 1102 2804 Rhodig.
1124 2724 1144 2784 l.
1160 2731 1186 2782 6.
1200 2724 1268 2782 lect.

111 2800 198 2877 antiq.
212 2820 235 2858 c.
247 2824 273 2869 3·
286 2818 312 2859 et
332 2826 359 2875 4
373 2802 542 2883 Complures
554 2804 712 2881 Aegyptios
733 2805 862 2870 Romae,
874 2820 904 2863 et
924 2805 957 2860 in
979 2801 1138 2881 provinciis
1159 2803 1265 2861 Romae

112 2896 151 2938 na
171 2880 332 2974 litteratura
352 2883 482 2963 insignes
503 2878 591 2947 fuisse
610 2901 739 2952 constat,
752 2884 914 2968 interqu'os
933 2880 1112 2948 Claudianus
1131 2880 1184 2942 sub
1204 2882 1264 2938 Ho-

111 2977 199 3017 norro
220 2978 326 3019 mento
346 2978 523 3023 recensetur.
1073 3000 1077 3005 ·

152 3040 292 3104 Aelianus
312 3041 507 3117 (Claudius)
529 3038 626 3108 Phil..
650 3040 781 3112 Rhetor,
796 3060 825 3104 et
845 3044 1011 3106 Historieus
1030 3044 1144 3103 Romae
1162 3037 1273 3101 docuit·

112 3118 165 3178 rub
184 3121 286 3179 Severo
309 3120 474 3181 Alexandro
494 3122 611 3183 Caesare
631 3120 817 3183 Rhetoriean'r
836 3168 842 3178 .
864 3124 1075 3186 Plura·Graece
1095 3120 1208 3192 edidit,
1229 3140 1264 3180 ut

110 3198 256 3257 Historiae
264 3200 437 3263 Animalium
450 3201 535 3263 libros
547 3222 610 3263 tm:
626 3204 683 3259 nisi
697 3203 722 3260 si
733 3202 788 3266 illi,
802 3205 853 3283 qui
867 3204 904 3263 ad
914 3211 968 3261 n‘os
989 3218 1181 3282 pervenerunt
1201 3201 1273 3260 tint.

109 3280 230 3357 antiqua
251 3281 344 3339 versio
366 3300 400 3339 ex
420 3280 522 3343 latinis
542 3280 577 3343 ab
597 3302 631 3340 eo
653 3284 780 3360 primurn
792 3282 881 3345 editis
893 3302 980 3358 enam
993 3282 1262 3362 ipselatinuserat.

109 3358 268 3438 Quidquid
289 3358 325 3418 de
345 3356 400 3421 hoc
420 3360 459 3416 sit
481 3360 581 3421 nullu's'
598 3362 719 3429 dubito,
741 3363 815 3443 quin
836 3362 917 3422 illico
938 3360 984 3421 rel
1004 3362 1039 3424 ab
1058 3363 1140 3441 ipso,
1160 3359 1207 3417 tel
1227 3360 1272 3417 ab'

110 3438 172 3497 alio
194 3456 227 3497 ex
248 3440 358 3501 Graeco
379 3441 411 3496 in
430 3440 568 3501 Latinum
581 3442 663 3525 Opus
683 3442 757 3503 illud
779 3441 814 3499 de
826 3443 1004 3510 Animalibus
1025 3459 1137 3501 versum
1158 3438 1263 3508 luerit,

111 3534 147 3576 ut
168 3516 255 3575 etiam
277 3519 344 3576 libri
360 3520 500 3579 variatim
522 3520 629 3580 Hister.
643 3526 690 3589 ζει
706 3519 747 3580 'de
768 3521 948 3580 Providentia
972 3535 1074 3582 eontra
1095 3521 1272 3605 Epicurum·

113 3614 156 3656 uta
169 3598 441 3657 RomanisGraecae
462 3598 576 3681 linguae
597 3603 705 3685 ignatis
727 3601 791 3663 usui
812 3622 871 3664 esse
892 3618 1031 3681 possent.
1052 3602 1160 3660 Verum
1190 3600 1266 3657 anti·

106 3658 183 3757 quii
204 3677 274 3735 istae
295 3679 433 3736 versiones
452 3676 557 3740 latinae
578 3680 668 3739 desid.
678 3682 744 3742 Erat
766 3684 856 3761 patria
877 3682 1098 3749 Praenestinum
1119 3697 1149 3738 et
1166 3677 1272 3739 lauda?

106 3774 157 3815 tur
178 3774 195 3813 a
215 3752 392 3824 auilasrrio.
414 3759 512 3838 quod,
533 3780 598 3819 curn
621 3762 770 3821 Romanus
790 3779 884 3831 esset,
898 3779 959 3822 tam
981 3760 1069 3842 probe
1088 3760 1264 3820 atticisstve·

106 3838 170 3903 rit,
192 3836 327 3917 quodque
347 3840 524 3931 peregrinam
545 3840 675 3921 linguam
697 3858 757 3904 tarn
778 3842 852 3902 bene
880 3842 1010 3908 noverit,
1031 3858 1119 3924 eaque
1139 3841 1173 3898 in
1193 3839 1260 3897 seri·

110 3918 172 3996 ptis
194 3916 252 3976 suis
273 3936 339 3977 usus
358 3914 461 3979 luent:
482 3919 561 3999 quod
579 3938 749 4003 argumento
770 3942 829 3982 ease
848 3928 962 4002 potest,
982 3938 1087 4001 paucos
1107 3922 1184 3979 inter
1204 3920 1293 3978 Ru.

327 4012 330 4019 ’
1043 4002 1097 4058 ba

298 386 306 423 Ι
