3317 4817
424 317 513 440 tioies
533 377 694 441 Patricios.
714 379 824 442 Verum
845 379 983 440 nonnulli
1003 402 1039 442 cr
1061 374 1470 462 manumissionum
1490 380 1568 462 plebi

424 463 505 529 caris,
525 460 564 520 ob
583 462 780 542 suspicionem
800 456 927 522 affectati
946 463 1030 546 regni
1049 480 1112 522 non
1132 463 1220 521 semri
1233 507 1243 532 ,
1256 461 1302 521 rel
1320 463 1347 522 S.
1371 463 1428 530 C.,
1449 463 1497 521 rei
1516 465 1572 542 pri·

424 542 487 599 rati
506 540 627 617 alicujus
646 541 728 606 selo.
748 559 778 602 et
796 543 870 624 regii
890 542 1061 602 dominatus
1079 541 1167 612 odio,
1179 539 1330 606 infelicem
1353 544 1467 605 exitum
1488 541 1570 602 habe·

423 617 513 679 bant:
534 621 612 704 quod
632 620 779 691 Gracchis,
791 640 821 683 et
840 622 907 681 aliis
926 622 1008 684 valde
1027 620 1105 703 plebi
1124 623 1250 704 acceptis
1269 621 1399 682 accidit.
1419 624 1571 694 T.Lirius

421 699 470 757 iil.
486 715 539 772 39.
559 720 656 761 auctor
676 719 736 773 est,
756 703 944 786 Magistratus
957 746 965 772 ,
977 703 1119 764 concione
1135 705 1285 776 aduocata,
1306 703 1434 765 solemne
1452 719 1569 763 carmen

422 781 597 861 precationis
623 777 676 842 fari
696 783 800 843 solitos
819 783 983 865 priusquam
1005 782 1146 866 populum
1165 784 1395 864 alloquerentur.
1416 784 1571 861 Quaenam

420 857 517 920 autern
539 860 622 922 rerba
642 863 728 935 hujus
739 863 879 924 carminis
897 883 1009 935 essem,
1029 883 1090 923 non
1110 863 1205 924 dicit.
1225 865 1359 933 Forsitan
1379 882 1461 923 mant
1480 860 1574 923 haec:

421 942 530 1009 velitis,
540 941 661 1020 jubeatis
671 944 795 1022 Quirites
808 960 863 1004 tet.
874 945 1011 1028 Sigonius
1021 944 1059 1004 de
1070 945 1185 1022 antipas
1195 944 1265 1003 Iure
1274 947 1361 1006 Rom.
1372 961 1460 1024 agens
1471 944 1571 1009 tradit.

419 1020 530 1080 Rornae
549 1022 660 1106 legibus
679 1042 816 1093 cautum,
829 1042 868 1083 ne
885 1027 1020 1093 Senator,
1032 1043 1083 1084 aut
1102 1024 1215 1084 Consul
1235 1021 1312 1082 infra
1336 1045 1380 1097 50.
1397 1024 1502 1094 aetatis
1521 1040 1572 1082 an.

420 1118 459 1161 ne
479 1103 595 1162 Praetor
614 1097 690 1164 infra
711 1119 750 1177 4ο
764 1105 823 1174 ,²ne
843 1105 959 1166 Aedilis
977 1126 1010 1164 ac
1029 1106 1171 1182 Quaestor
1190 1101 1265 1165 infra
1288 1125 1335 1175 27.
1356 1096 1550 1185 eligerentur.

460 1179 582 1258 Magius
601 1183 669 1262 (P),
690 1185 771 1247 Trib.
804 1185 822 1243 l.
837 1186 954 1270 Collega
966 1205 1019 1247 suo
1030 1187 1074 1246 M.
1082 1185 1211 1272 Virgilio
1229 1185 1265 1244 in
1278 1183 1405 1244 dicendo
1414 1182 1513 1264 paullo
1525 1201 1571 1244 to·

420 1261 547 1345 piosior.
570 1263 614 1324 lta
635 1265 697 1326 Cic.
710 1266 744 1324 in
796 1283 878 1341 rato.

459 1341 603 1419 Magius,
623 1345 696 1406 Tiri
715 1346 797 1407 Livii
816 1366 920 1432 genes,
940 1365 971 1408 et
990 1347 1062 1409 alter
1079 1366 1116 1408 ex
1136 1343 1378 1411 Rhetoribus,‹le
1396 1340 1505 1426 quibus
1522 1343 1567 1404 M.

414 1423 534 1492 Seneca,
556 1426 608 1505 qui
628 1445 694 1484 cum
715 1424 813 1488 laudat
833 1429 998 1508 praesertim
1013 1429 1046 1488 in
1067 1428 1213 1487 Prooemio
1225 1427 1354 1484 controv.
1365 1425 1413 1484 lib.
1426 1423 1504 1482 mihi
1520 1441 1565 1480 ro.

458 1502 744 1580 Magnus,0rator,
765 1508 890 1569 alteret
910 1507 1120 1570 accusatoribus
1142 1508 1251 1575 Roscii,
1272 1527 1288 1566 a
1308 1506 1449 1566 Cicerone
1469 1498 1566 1562 defen·

418 1582 466 1644 si.
489 1584 567 1646 Vide
586 1587 801 1647 Communia
824 1588 918 1647 Orata.
934 1590 1104 1649 Ciceronis.
1211 1623 1213 1628 -
1431 1657 1438 1666 ,

457 1663 604 1742 Magnas,
625 1667 711 1728 llorn.
723 1667 845 1738 Orator,
865 1669 904 1728 ad
922 1687 1009 1748 quens
1029 1686 1073 1728 est
1083 1671 1108 1728 S.
1121 1671 1243 1748 Hieron.
1255 1665 1403 1741 Epistola,
1415 1684 1470 1746 qua
1483 1663 1511 1722 ei
1522 1680 1565 1721 re·

416 1745 541 1883 {im
562 1747 768 1870 interrogatus,
783 1768 834 1810 tur
861 1748 1051 1809 saecularibus
1069 1748 1176 1811 litteris
1202 1765 1416 1828 nonnunquam
1436 1743 1562 1824 illustret

447 1845 511 1905 pera
531 1846 597 1888 sus.
1428 1882 1433 1891 .
1516 1902 1522 1914 ¹

456 1905 637 1978 Mamercus,
659 1909 748 1971 Poeta
762 1911 857 1972 videti
878 1909 991 1972 volebat
1012 1908 1089 1971 nihil
1108 1908 1281 1972 recitando.
1301 1909 1348 1968 lta
1366 1908 1453 1967 Mars
1466 1902 1564 1982 Eptgf·
1637 1908 1638 1921 ¹

416 1985 538 2046 insum
558 1987 608 2046 lib.
621 2008 669 2054 a..
690 1991 770 2069 quod
790 1993 832 2052 sie
853 1990 965 2052 habet..

575 2069 630 2128 Nil
649 2071 768 2140 recitas,
790 2090 817 2131 et
837 2073 899 2141 vis,
921 2070 1083 2140 Mamerce,
1104 2071 1195 2132 Poeta
1214 2069 1320 2132 sueri.

616 2149 760 2226 Quidquid
778 2153 822 2211 ris
843 2169 925 2222 esto,
945 2154 1090 2212 darnrrroio
1110 2154 1151 2211 teil
1172 2153 1290 2212 recites.

414 2227 455 2286 At
516 2242 588 2288 terat
607 2227 784 2296 Mamercus,
804 2234 878 2312 quin
898 2234 1044 2297 recitaret,
1064 2235 1197 2313 optimus
1210 2235 1306 2292 Poeta
1324 2247 1402 2289 esse.
1553 2310 1556 2313 1
1637 2288 1638 2299 ,

491 2311 639 2367 ameriirtus
660 2312 670 2385 (
692 2309 735 2370 ul.
744 2315 780 2386 )‚
803 2310 934 2378 Rhesos,
953 2333 983 2372 er
1003 2316 1070 2374 Cos.
1080 2313 1115 2372 ab
1136 2315 1277 2393 Apostata
1296 2309 1413 2369 iuliano
1431 2320 1556 2371 amessa
1637 2338 1638 2355 ¹

411 2386 459 2444 eui
479 2388 614 2447 recitarit
634 2390 713 2447 Orat.
727 2389 978 2460 Eucharisticans,
999 2411 1028 2452 et
1048 2395 1254 2474 Panegyricam
1272 2409 1324 2470 pro
1335 2388 1442 2468 adepto
1461 2404 1559 2446 consu

408 2465 491 2524 latu.
512 2467 591 2527 Aliis
610 2469 789 2528 Orationibus
808 2473 1046 2538 Diocletianum,
1067 2491 1096 2534 et
1116 2474 1334 2533 Maximianum
1354 2470 1488 2537 Caesares
1506 2466 1559 2523 lau·

410 2545 490 2604 classe
509 2545 640 2608 dicitur:
658 2551 738 2630 quod
758 2552 782 2609 si
802 2558 865 2628 ejus
882 2555 945 2611 sint
965 2553 1113 2611 Orationes
1134 2552 1181 2613 his
1199 2552 1308 2617 dictae,
1321 2549 1559 2627 dequiramus·

409 2643 487 2685 crore
499 2627 646 2689 dubitatur
654 2676 661 2698 ‚
669 2633 814 2711 oportuit,
825 2653 892 2692 eum
904 2632 1070 2694 diutissime
1084 2635 1174 2694 vitam
1186 2648 1366 2715 prorogasse.
1381 2630 1457 2687 Istae
1468 2625 1558 2685 Orata.

409 2723 582 2785 supersunt.
604 2713 709 2778 Utrum
730 2711 800 2770 alias
826 2709 1004 2772 lucubrarit?
1022 2714 1147 2795 ignoro.
1228 2756 1253 2768 ρ
1636 2726 1637 2793 ᾖ

449 2783 627 2860 Mammaea,
641 2789 749 2852 Christ.
764 2793 952 2872 imperatrix,
969 2795 1089 2852 natione
1099 2787 1557 2875 Syra,Origenisdiseipula,nra·
1636 2806 1637 2877 p

406 2881 451 2926 ter
469 2868 533 2928 ch.
552 2870 651 2930 ¹Alex.
671 2873 857 2951 Imperatoris
876 2893 910 2931 ea
936 2873 1024 2932 Vario
1051 2874 1187 2933 Marcello
1213 2873 1337 2932 marito.
1367 2868 1440 2936 Λέῑὶ
1456 2868 1558 2945 filil*
1636 2898 1637 2901 ’

409 2965 446 3004 na
473 2948 599 3010 Colonia
626 2952 653 3010 ei
683 2954 911 3030 inscriptionem
940 2954 1038 3032 posuit
1065 2952 1117 3012 sub
1143 2969 1237 3012 matus
1262 2951 1358 3029 eidem
1386 2964 1499 3038 erecta..
1524 2950 1555 3036 iq
1636 2984 1637 2991 .

407 3045 466 3105 qua
483 3047 565 3164 ¹elatu,
588 3047 617 3089 et
636 3032 732 3092 Severi
751 3032 836 3091 Alex.
857 3035 1013 3113 Imperat..
1034 3049 1064 3092 et
1085 3051 1242 3120 castrorum
1273 3051 1393 3092 matrem
1422 3033 1555 3087 Aenum
1636 3060 1637 3063 η

407 3123 423 3162 a
466 3124 573 3168 eant.
622 3119 627 3128 '
1524 3143 1529 3150 ·
1636 3144 1637 3151 .

423 3125 664 3265 pilistrinum.
675 3192 821 3254 Hostilius
829 3194 850 3270 ),
859 3196 973 3262 Orator,
982 3195 1126 3254 accusavit
1135 3189 1248 3253 inca'ssu
1253 3215 1280 3254 nr
1288 3191 1463 3256 Manuliam,
1473 3184 1556 3246 farno·

405 3269 799 3352 sam'nreietritulem,q‘nae
819 3295 908 3334 noctu
927 3295 1003 3343 eum,
1024 3279 1085 3354 ejus
1104 3272 1189 3334 aedes
1207 3269 1553 3354 pulsantemdapidarat.

406 3345 444 3406 V.
456 3346 518 3406 Gel.
543 3350 564 3406 I.
574 3374 602 3421 4.
623 3370 646 3409 c.
661 3373 705 3424 14.
721 3353 873 3413 Noctium.
982 3366 984 3375 ’

444 3425 570 3498 Manes,
592 3432 693 3496 Persa,
714 3429 913 3503 haeresiarcha,
927 3435 1032 3515 primis
1050 3434 1193 3496 Ecclesiae
1211 3434 1314 3496 seculis
1334 3431 1554 3492 notissimusrt

402 3525 461 3586 quo
470 3507 649 3579 Manichaei,
671 3515 722 3592 qui
743 3535 777 3572 eo
798 3516 871 3574 duce
892 3516 953 3574 dno
974 3515 1121 3594 ponebant
1141 3516 1303 3595 principia,
1324 3533 1375 3574 seu
1394 3513 1469 3572 dnos
1478 3511 1554 3576 deos,
1635 3534 1636 3543 ¹

403 3605 495 3646 unum
517 3588 739 3657 boni,alterum
762 3597 831 3654 mali
851 3612 1019 3656 auctorem.
1046 3596 1180 3675 Nuptias,
1201 3597 1366 3662 vinnm,et
1387 3593 1477 3650 noxio
1496 3590 1555 3648 ani·

303 3678 307 3686 ’
404 3665 490 3724 malis
511 3689 527 3726 a
547 3670 625 3730 malo
645 3672 699 3731 deo
720 3694 779 3734 esse
799 3673 956 3743 dicebant,
977 3691 1006 3733 et
1025 3675 1128 3734 insana
1157 3676 1217 3734 alia
1236 3673 1330 3736 multa
1355 3671 1552 3735 affirmabant.
1635 3672 1636 3693 ¹

402 3745 515 3804 Errores
535 3769 601 3808 suos
623 3756 725 3835 magna
745 3754 1054 3813 cnra.dissrmulabant
1074 3756 1152 3815 inter
1179 3742 1349 3816 catholicos
1375 3769 1553 3815 commoran-

401 3838 544 3965 snu
557 3831 1552 3999 stltauuuistilu.ii¹‘u.uut:.uf⁰r.u
