3317 4817
411 441 492 499 ,4²0
655 458 674 483 ἰ
739 456 744 467 ’
842 464 848 493 ·.
891 466 895 474 ’
964 416 1019 483 ss‘
1088 487 1092 494 .
1208 488 1213 494 .

414 498 534 561 mendae
546 544 553 568 ,
566 498 595 560 el
612 498 748 571 indicat,
769 494 893 561 Fabiani
915 499 1079 561 docuinam
1101 517 1162 559 non
1183 496 1263 579 parri
1285 493 1401 560 fecum.
1421 504 1460 562 ln
1480 506 1556 567 lilrr‘e

414 580 658 657 Decima'rionnnr
680 595 799 641 testatur
810 582 934 649 Seneca,
952 600 1018 640 eum
1038 580 1227 639 declamando
1246 600 1308 639 raro
1329 589 1553 646 controversiam

406 660 593 741 implevisse.
603 658 918 733 EjusDeclant'ationes,
928 679 961 720 ut
972 680 1002 720 et
1012 660 1134 719 aliorum
1145 658 1385 728 innumerabiles,
1395 666 1555 740 perierunt.

438 734 585 819 ΔᾼΙςιὶιιίιι
607 742 767 823 Quaestor,
782 757 813 815 et
835 742 924 799 Poeta
938 784 945 808 ,
960 760 1045 825 quem
1059 740 1234 806 Claudianus
1254 734 1399 806 offendit,
1421 763 1455 800 eo
1476 735 1554 823 qdod

307 878 309 885 ,
374 804 383 822 “
409 808 469 897 'ejrrs
490 839 585 881 tersus
606 823 772 880 notaverit.
795 821 872 878 Vide
892 822 1049 880 Ciaudiani
1068 822 1188 902 longum
1210 820 1306 899 Epigr·
1318 821 1348 876 in
1360 819 1526 881 Alethium·

442 898 617 960 >Alexander
635 904 767 983 Aegeus,
781 900 905 981 Peripat.
920 899 996 961 Phil.
1020 903 1145 961 Neronis
1165 901 1324 980 Magister,
1340 902 1487 962 Neronem
1507 924 1556 985 ap-

409 978 532 1060 pellabat
555 979 644 1039 lurum
666 979 799 1055 sanguine
819 970 978 1048 subactum,
996 980 1035 1039 ob
1047 986 1108 1058 ejus
1128 980 1241 1040 crudele
1260 980 1432 1060 ingenium.
1503 1034 1506 1040 .

450 1058 612 1119 Alexander
630 1054 761 1135 Granum.
782 1057 904 1140 Virgilii
924 1059 1066 1139 interpres
1084 1063 1190 1119 citatur
1209 1077 1226 1117 a
1247 1059 1290 1114 M.
1319 1058 1381 1115 Val.
1403 1060 1499 1119 Probo
1517 1063 1553 1121 in

409 1136 529 1194 Scltoliis
545 1134 587 1196 'nul
606 1137 707 1199 Bucol.
721 1157 749 1196 et
763 1136 863 1214 Georg.
878 1137 1019 1221 Virgilii.
1041 1142 1175 1199 Forsitan
1195 1139 1221 1195 is
1241 1148 1300 1195 erat
1312 1137 1477 1196 Alexander
1488 1144 1552 1200 Ma·

312 1214 321 1225 ’
410 1218 478 1276 toni
499 1217 656 1279 admodum
678 1216 795 1283 charus,
819 1234 848 1275 et
868 1215 903 1274 ab
923 1236 957 1275 eo
978 1219 1082 1277 Alexis
1101 1221 1215 1285 dictus,
1241 1217 1277 1275 ad
1297 1234 1383 1296 quern
1406 1238 1448 1276 cst
1468 1220 1554 1277 Ecle-

406 1292 586 1373 ga,Alexts'
600 1298 759 1377 inscripta.
781 1298 916 1355 Donatus
935 1298 969 1355 in
990 1298 1112 1381 Virgilii
1133 1300 1194 1355 vita
1213 1296 1323 1360 tradit,
1336 1296 1414 1355 hunc
1435 1298 1552 1355 Alexim

406 1374 496 1439 luisse
516 1395 658 1455 puerum,
681 1378 781 1437 Asinii
803 1376 950 1435 Pollionis
976 1398 1111 1447 serrum,
1133 1375 1265 1458 Virgilio
1292 1373 1449 1435 abeodem
1470 1378 1553 1437 dono

406 1456 506 1514 datum
520 1501 527 1522 ,
540 1456 606 1541 quia
626 1458 765 1539 agnovit,
779 1456 865 1515 Pueri
884 1458 1007 1540 ingenio
1026 1459 1185 1542 Virgilium
1207 1455 1357 1515 delectati.
1381 1454 1544 1516 commenti.

407 1534 564 1593 Alexandri
584 1537 616 1597 in
628 1536 715 1617 'Virgp
734 1524 826 1597 desid.
840 1553 844 1557 ’

443 1616 468 1673 S.
483 1612 646 1675 Alexander
665 1615 760 1675 Rom(
775 1614 869 1675 Pont'
882 1637 911 1675 er
926 1619 973 1680 M.
981 1639 990 1687 ¹,
1011 1618 1163 1686 doctrina,
1177 1632 1207 1675 et
1231 1614 1384 1674 sanctitate
1404 1614 1544 1686 illustris,

399 1685 451 1775 qui
472 1712 604 1775 magnam
618 1698 764 1755 Romanae
785 1694 951 1763 nobilitatis
966 1716 1078 1789 partem
1099 1700 1134 1758 ad
1156 1695 1305 1756 Christum
1326 1698 1385 1753 suis
1398 1699 1548 1765 monitis,

401 1773 588 1851 eloquentia,
604 1795 632 1833 et
644 1778 720 1833 vitae
740 1775 881 1855 exemplis
900 1792 989 1835 traxit
1003 1822 1009 1834 .
1024 1778 1178 1837 Ecclesiam
1199 1777 1322 1853 optimis
1340 1775 1542 1835 instltutisre-

399 1851 484 1934 gebat
504 1852 540 1912 ad
561 1872 606 1911 an.
628 1853 738 1913 Christi
762 1864 826 1915 116.
848 1856 980 1935 Antiqua
1002 1877 1125 1937 namque
1144 1853 1352 1935 Martyrologia
1378 1871 1542 1924 testantur,

401 1952 468 1991 eum
489 1931 541 1991 sub
560 1935 693 2011 Trajano.
706 1942 836 2011 passum:
858 1934 927 1992 licet
946 1936 979 1992 in
1001 1938 1148 1995 Breviario
1169 1937 1255 1993 Rom.
1267 1934 1303 1991 ad
1323 1933 1403 1991 diem
1427 1954 1452 2009 3.
1468 1936 1542 2010 Maji

398 2010 508 2091 legatur
520 2008 669 2071 'Ecclesiae
689 2009 843 2093 praefuisse
863 2013 915 2073 sub
926 2015 1058 2073 Adriano
1069 2060 1077 2085 ,
1089 2017 1142 2096 qui
1153 2017 1279 2091 Trajano
1290 2014 1324 2070 in
1334 2013 1463 2091 Imperio
1477 2034 1538 2072 suc·

402 2091 505 2147 cessit.
527 2090 605 2149 Vide
625 2092 702 2150 Hist.
724 2092 799 2149 Eccl.
841 2109 846 2116 ’
1370 2130 1373 2135 ·

440 2170 466 2224 S.
488 2166 650 2229 Alrx'aruler
669 2168 830 2230 Patriatcha
851 2172 1007 2232 Alexandr.
1022 2175 1091 2255 ,qui
1115 2176 1226 2256 primus
1247 2189 1275 2230 tt
1295 2170 1399 2229 Arium
1416 2172 1539 2232 'damna-

400 2245 466 2319 yit,
480 2262 509 2304 et
530 2267 595 2307 eum
617 2248 652 2307 ab
672 2250 796 2309 Ecclesia
816 2249 854 2309 ob
875 2250 1062 2329 pertinaciam
1084 2276 1163 2313 suam
1185 2253 1362 2337 segregavit.

440 2328 466 2383 S.
488 2324 651 2386 Alexander
668 2330 762 2409 Episc.
785 2346 813 2387 et
833 2331 944 2408 Martyr
958 2376 965 2399 ,
980 2335 1032 2412 qui
1052 2331 1272 2393 Bibliothecam
1284 2333 1318 2389 in
1333 2330 1542 2408 Hierosolymi-

396 2419 464 2463 tana
484 2406 608 2467 Ecclesia
630 2426 809 2477 extructam,
823 2426 852 2470 et
872 2408 955 2468 libris
975 2414 1145 2471 instructam
1167 2413 1284 2493 reliquit
1297 2454 1304 2467 .
1317 2411 1361 2468 lta
1372 2412 1451 2468 llist·
1464 2412 1539 2469 Eccl.

438 2485 602 2543 Alexander
612 2484 787 2556 Monachus,
802 2490 847 2547 vir
866 2490 997 2548 eruditus
1010 2535 1018 2559 ‚
1031 2495 1098 2571 qui,
1119 2509 1193 2551 teste
1211 2494 1238 2549 S.
1260 2491 1381 2549 Hieron.
1402 2489 1436 2546 in
1446 2490 1539 2561 Epist.

396 2562 432 2620 ad
449 2583 520 2653 eum
534 2608 542 2634 ,
555 2583 583 2623 et
595 2567 779 2639 Mimetium,
800 2570 835 2629 dc
857 2569 963 2627 canina
979 2568 1117 2647 facundia
1136 2572 1173 2630 ad
1193 2570 1305 2630 Christi
1324 2569 1540 2633 disertitudinem

394 2647 630 2726 transmigravit.
656 2648 657 2655 '
800 2718 802 2725 γ

346 2776 349 2781 .
434 2720 558 2799 Alfenus
578 2728 688 2801 (Varus
701 2728 712 2805 )
733 2730 958 2790 iurisconsultus
978 2734 1078 2814 magni
1099 2732 1230 2790 nominis
1241 2776 1249 2799 ,
1261 2728 1354 2789 Seruii
1365 2727 1487 2806 Sulpicii
1500 2730 1538 2789 in

391 2802 457 2860 lure
477 2804 655 2885 dtscipulus.
677 2808 741 2865 Gel.
755 2809 802 2867 lib.
819 2820 844 2867 6.
857 2812 925 2871 ΝΝί
940 2833 962 2869 c.
976 2833 1002 2872 r.
1014 2832 1079 2869 eum
1100 2814 1212 2878 citans,
1226 2826 1309 2867 notat
1329 2814 1389 2884 ejus
1409 2828 1536 2868 errorem

389 2880 423 2937 in
446 2882 538 2941 verbis
551 2889 687 2966 ¹antiquis
708 2883 808 2947 latinis
828 2892 1054 2969 interpretandis
1067 2915 1073 2949 :
1085 2911 1161 2949 recte
1184 2903 1235 2957 ne,
1249 2908 1285 2948 an
1310 2884 1408 2945 secus?
1428 2889 1537 2951 Critici

390 2958 575 3035 dijudicent
598 2964 674 3023 Illud
696 2960 856 3027 memoriiu
876 2973 910 3029 in
931 2970 1037 3047 Alfeno
1059 2972 1203 3051 dignum,
1224 2968 1390 3050 quodcum
1411 2968 1538 3025 Cremo.

389 3054 442 3095 nae
462 3055 541 3097 sutor
561 3052 647 3109 esset,
669 3048 780 3106 sutrina
798 3050 897 3108 relicta
909 3074 923 3115 ‚·
937 3052 1061 3108 Romam
1084 3071 1112 3107 se
1131 3049 1277 3115 contulit,
1291 3064 1323 3105 ut
1343 3049 1405 3105 luri
1429 3047 1528 3105 Ciuili

379 3135 507 3206 *pararet
528 3138 642 3197 operam
655 3126 758 3208 :nquod
780 3146 838 3186 tam
867 3126 988 3189 feliciter
1009 3131 1036 3187 ei
1057 3131 1204 3209 contigit,
1230 3146 1263 3187 ut
1285 3128 1393 3185 erinna
1415 3147 1534 3186 morum

387 3195 548 3279 probitate,
573 3198 720 3273 doctrina,
733 3221 762 3263 et
784 3206 905 3291 ingenio
926 3230 977 3267 suo
998 3212 1085 3268 nixus
1102 3204 1154 3288 per
1177 3210 1270 3267 varios
1289 3207 1392 3288 gradus
1402 3207 1440 3264 ad
1452 3209 1534 3266 Con·

387 3274 529 3344 sulatum,
542 3280 704 3360 adspirante
725 3304 890 3347 constanter
910 3290 1040 3370 populari
1060 3309 1134 3356 aura,
1155 3288 1331 3349 ascenderit:
1352 3306 1421 3366 quo,
1433 3306 1537 3345 niune-

387 3372 417 3414 τι
438 3373 521 3449 tanto
541 3378 607 3417 cunr
628 3365 764 3435 omnium
787 3368 887 3445 plausu
907 3368 1072 3451 perfunctus
1091 3367 1168 3434 fuit,
1193 3384 1227 3426 ut
1246 3383 1377 3425 mortuus
1404 3366 1535 3444 publicis

388 3434 630 3513 expensrslue'rit
650 3442 759 3503 elatus.
782 3449 886 3507 Edidit
905 3452 969 3507 libb.
995 3450 1250 3515 collectaneorum,
1275 3466 1304 3504 et
1326 3446 1531 3521 Digestorum,

385 3516 437 3593 qui
457 3516 565 3599 integri
575 3535 635 3577 non
647 3542 781 3585 exstant.
805 3530 841 3586 In
853 3528 1001 3587 Panlecris
1013 3531 1146 3611 leguntur
1159 3524 1318 3607 fragmenta
1330 3524 1433 3585 horum
1447 3529 1529 3604 Ope·
1573 3574 1582 3581 .

383 3611 446 3682 rum
461 3596 584 3673 ‚quibus
605 3598 682 3659 nihil
702 3608 820 3683 tersius,
843 3611 990 3689 comptius
1003 3654 1010 3678 ,
1022 3627 1107 3690 atque
1127 3608 1287 3689 elegantius
1306 3607 1531 3665 secundumlu-

360 3744 362 3748 Ι
381 3676 585 3735 risconsultos.
987 3744 991 3751 .

384 3830 391 3843 ο
424 3750 517 3827 Alfius
530 3800 537 3821 ,
550 3758 611 3815 sive
631 3759 756 3835 Alpinius
776 3764 887 3825 lllretot
909 3788 1081 3829 memoratus
1101 3790 1115 3826 a
1136 3770 1178 3824 M.
1191 3767 1275 3834 Sen,
1289 3782 1322 3823 ut
1339 3764 1530 3822 Declamator

380 3848 427 3922 ιιιΙ
439 3831 569 3926 Οοιιινου.Ι
586 3840 645 3896 Vix
665 3844 836 3903 crediderim
856 3845 933 3906 hunc
954 3846 1040 3906 fuisse
1060 3847 1274 3907 foeneratorem·
1286 3844 1370 3903 illum
1391 3842 1527 3911 Allium,

380 3928 463 3983 cujus
482 3918 620 4001 meminit
641 3922 711 3978 Hor.
732 3924 768 3999 in¹
787 3926 961 4001 lidEpoden
980 3948 1046 3987 eum
1068 3929 1209 3995 irridens,
1224 3943 1254 3983 ct
1274 3930 1335 4003 ejus
1354 3926 1524 3994 avaritiam,

378 4006 465 4069 atque
484 4002 712 4059 inconstantiam
733 4022 854 4064 notans.
