3317 4817
128 424 311 502 Priscianus,
333 430 432 494 Gram.
447 432 457 501 ,⁴
475 428 526 512 qui
548 429 576 494 fl.
591 450 617 503 4.
638 428 916 501 Ecc1.tet.‚⁴tmictta
936 426 1054 490 Libanii
1069 426 1239 509 Sophistai,

86 513 142 593 qui
170 513 206 573 de
232 534 268 573 eo
295 515 434 572 meminit
460 513 494 571 in
522 513 626 588 Epistt.
648 514 788 571 Diversus
816 510 865 571 hic
889 527 936 596 est
957 510 991 570 ab
1011 511 1071 570 aiio
1091 510 1241 569 Priscianus

87 594 246 661 Granum,
267 594 319 675 qui
334 595 393 653 sub
413 594 583 653 Iustiniano
603 593 710 652 dicitur
730 592 880 651 floruisse.
928 627 933 639 ι

130 670 348 743 pristimum,
371 674 495 735 Abulen.
507 675 620 734 Praesui
640 675 674 731 in
694 675 838 757 Hispania
860 692 921 732 non
949 670 1108 735 indoctus:
1130 672 1181 753 qui
1202 686 1248 731 ta·

88 770 159 813 men
182 755 256 815 male
276 755 410 815 doctrina
429 775 497 815 usus
523 752 581 814 fuit
602 756 635 813 in
663 761 816 824 suam‚·et
845 754 969 815 aliorum
998 752 1179 833 perniciem.
1199 753 1244 810 Ex

88 854 126 894 eo
147 834 384 896 Priscillianistue
405 834 540 896 haeretici
552 836 623 915 ‚qui
638 835 869 903 Gnosticorum,
882 834 1081 895 Fatalistarum
1099 872 1106 896 ,
1126 848 1156 890 et
1179 831 1249 890 aliu·

18 912 19 916 ’
87 936 155 973 rum
177 917 364 997 antiquorum
386 914 592 976 haereticorum
615 923 721 975 eriorcs
741 916 938 991 suscitarunt.
962 914 1046 972 Varia
1058 912 1193 972 Concilia
1214 912 1248 971 in

87 998 247 1076 Hispania,
258 1016 288 1057 et
308 997 380 1056 alibi
401 990 528 1056 fuerunt
530 998 562 1056 in
575 1015 623 1055 eos
634 996 772 1057 celebrata
784 1040 793 1065 ,
806 1012 836 1053 ct
854 1018 876 1070 5.
891 998 980 1055 etiam
993 993 1069 1052 Eccl.
1082 1014 1135 1052 sec.
1146 1012 1247 1052 contu

89 1096 141 1135 eos
163 1080 309 1160 pugnavit
326 1079 360 1136 in
382 1078 526 1159 Hispania
546 1079 662 1158 scriptis
682 1078 742 1137 suis
757 1074 983 1145 ,concionibus,
997 1090 1026 1133 et
1046 1074 1153 1132 coactis
1172 1075 1249 1131 Con·

87 1156 170 1215 ciliis
191 1157 242 1217 sub
254 1160 289 1217 ,8.
304 1162 401 1219 Leone
422 1160 509 1217 Rom.
521 1155 684 1229 Pontifice,
705 1161 733 1218 S.
752 1155 913 1223 Thuribius
925 1155 1120 1216 Asturicensis
1132 1154 1248 1235 Epistu-

92 1257 169 1317 pus.
191 1236 470 1297 Priscilliunistrrurn
491 1256 550 1298 erat
570 1239 664 1300 illud.
702 1267 704 1272 ·
1063 1254 1067 1259 “

252 1319 340 1388 Iura,
356 1320 485 1398 perjura,
505 1338 637 1379 secretrtrn
653 1320 767 1396 prodere
787 1322 861 1387 noli,

88 1397 171 1457 Vide
191 1398 305 1456 Iducius
325 1402 358 1458 in
379 1401 415 1458 1.
436 1399 610 1459 Priscilliani
629 1404 734 1483 scripta
753 1404 921 1484 perierunt.
985 1432 991 1443 ·

135 1477 273 1550 Priscus,
295 1481 442 1560 Scriptus,
461 1502 585 1541 coaevus
606 1483 758 1548 Martiali,
779 1485 830 1565 qui
851 1484 887 1543 de
907 1502 942 1542 co
962 1480 1076 1541 indicat
1096 1482 1129 1541 in
1150 1478 1248 1559 Epigr.
1340 1524 1343 1531 .

93 1559 147 1617 lib.
165 1578 190 1626 o.
210 1578 283 1644 opus
303 1560 428 1621 edidisse
448 1562 484 1622 de
504 1563 675 1630 convivio,
695 1563 777 1644 quod
794 1564 889 1626 desid.
1221 1596 1224 1605 ¹

135 1639 273 1703 Priscis,
294 1640 370 1703 Phil.
387 1662 533 1723 quocum,
554 1661 628 1704 teste
654 1646 808 1723 Eunapio,
830 1645 962 1723 Julianus
991 1642 1132 1723 Aposttta
1159 1641 1249 1703 morti

91 1721 246 1801 proximus
265 1721 301 1779 de
320 1724 485 1783 animorum
507 1724 688 1784 sublimitate
707 1724 819 1804 prolixe
839 1724 995 1783 disseruit.
1084 1777 1086 1780 .
1273 1726 1288 1779 Ι

134 1800 281 1877 Priscus(
302 1803 336 1861 C.
348 1806 485 1864 Lutorius
505 1806 533 1880 )‚
556 1806 642 1863 Rom
655 1819 762 1886 eques,
784 1820 814 1863 et
835 1807 945 1872 Poeta,
973 1804 1025 1883 qui
1045 1818 1113 1941 post
1140 1800 1249 1862 celebre

87 1901 229 1951 carmen,
250 1902 308 1961 quo
329 1903 460 1965 suprema
479 1887 650 1945 Germanici
671 1886 845 1956 defleverat,
867 1905 882 1945 a
902 1883 1024 1944 Tiberio
1058 1884 1103 1942 uit
1123 1884 1247 1963 pecunia

88 1962 233 2021 donatus.
254 1964 363 2023 Verum
386 1986 456 2025 mor
476 1978 642 2032 accusatus,
663 1968 696 2025 in
717 1985 834 2034 carcere,
856 1970 935 2043 jussu
955 1963 1091 2027 Tiberii,
1110 1964 1249 2043 quiGer·

88 2044 241 2100 manicam
262 2044 373 2103 occulte
393 2047 513 2116 oderat,
534 2065 563 2105 et
584 2067 633 2127 per
653 2050 793 2107 Pisonem
813 2046 911 2105 occidi
941 2058 1107 2113 curaverat,
1130 2060 1247 2105 necatus

91 2118 170 2180 fuit.
191 2124 235 2181 Ita
255 2126 321 2181 Tac.
334 2126 356 2182 l.
372 2149 397 2194 3·
414 2126 489 2185 Anu.
505 2130 611 2189 Nescio
631 2146 668 2186 an
689 2126 737 2187 hic
759 2124 869 2185 fuerit.

135 2200 270 2271 Priscus,
294 2207 383 2266 Poeta
404 2207 510 2266 Ovidii
530 2208 675 2287 aequalis.
696 2210 742 2267 De
768 2207 849 2266 binis
876 2204 960 2285 hujus
988 2205 1121 2263 nominis
1148 2205 1248 2264 Poetis

89 2281 137 2341 sui
160 2284 299 2363 temporis
319 2284 447 2367 loquitur
465 2288 630 2357 oridia.
644 2290 678 2346 de
698 2290 790 2345 Ponto
810 2287 865 2362 Ep.
883 2296 927 2345 ιθ.
943 2288 979 2346 ad
1001 2286 1162 2350 luridum,
1214 2298 1228 2329 ι·

252 2364 292 2421 Et
312 2385 372 2425 curn
394 2368 491 2426 subtili
509 2367 626 2426 Priscus
647 2386 759 2444 uterque
786 2368 898 2433 Numa.
1021 2364 1026 2373 '

132 2442 249 2501 Priscus
269 2443 470 2526 (Tarquinius
485 2448 495 2523 )
508 2493 515 2515 ,
527 2450 632 2507 Orator
645 2493 653 2517 ,
666 2468 695 2507 et
708 2453 831 2508 Roman.
858 2450 921 2507 Rex
943 2446 1051 2511 citatus
1071 2468 1086 2506 a
1107 2449 1195 2509 Matr.
1210 2446 1244 2505 in

87 2521 205 2581 Satura.
227 2542 363 2605 tanquam
386 2530 508 2608 scriptor
521 2528 676 2589 Ostentarii
687 2529 848 2587 Arborcrit'.
871 2531 927 2589 Pro
940 2530 1092 2589 Contione
1109 2526 1242 2586 'laudarit

86 2602 184 2663 filiunt
205 2624 392 2666 annuarum
415 2628 566 2687 14.,quem
588 2609 664 2669 bulla
685 2630 776 2677 turca,
797 2627 828 2668 et
848 2626 993 2689 praetexta
1014 2609 1154 2675 donarit,
1176 2606 1248 2665 insi-

86 2686 196 2766 gniens
236 2688 438 2751 uerum‚ultra
459 2708 551 2748 annos
572 2685 687 2759 fortem,
709 2691 845 2770 praemiis
866 2689 1037 2752 virilitatis,
1053 2707 1081 2747 et
1102 2684 1246 2755 honoris,

85 2783 124 2823 eo
146 2705 236 2845 quod
245 2764 358 2825 hostem
380 2770 581 2849 percussisset,
596 2787 629 2830 ut
650 2787 739 2851 puto,
759 2771 793 2828 iu
814 2768 914 2829 bello.
936 2772 999 2829 Hoc
1021 2784 1161 2827 memorat
1182 2770 1244 2829 Ma·

86 2843 168 2903 crob.
194 2846 271 2905 Vide
296 2846 463 2923 Tarquinius
483 2850 517 2908 in
543 2849 583 2911 T.

127 2924 246 2983 Priscus
266 2927 494 3009 (Tarquitius),
515 2932 637 2997 Orator,
651 2948 680 2990 et
699 2933 818 2992 Senator
839 2929 891 2990 sub
905 2929 1047 2992 Claudio:
1068 2928 1120 3009 qui
1142 2945 1241 2989 tamen

80 3026 100 3064 a
121 3008 232 3070 Senatu
249 3024 347 3067 motus
366 3005 439 3080 fuit,
461 3028 601 3091 tanquam
621 3008 707 3071 falsus
727 3028 871 3071 accusator
891 3010 1003 3070 Statilii
1016 3009 1116 3076 Tauri,
1131 3009 1237 3089 opibus

82 3086 359 3169 insignis,quem,
380 3092 544 3173 Agrippina
565 3093 740 3173 instigante,
761 3092 1002 3172 repetundarum,
1023 3108 1052 3150 et
1072 3108 1240 3171 magnarum

80 3166 329 3247 superstitionum
349 3190 429 3229 rcum
450 3188 559 3253 egerat.
581 3173 707 3243 Macrob.
722 3172 889 3230 in'Suturrr.
903 3172 974 3232 citat
992 3170 1129 3247 Tarquitit'
1148 3176 1241 3246 cujus-

80 3248 153 3306 dam
175 3246 226 3305 lits
246 3248 423 3329 descriptum
444 3272 479 3310 ex
501 3252 664 3311 Ostentario
681 3252 710 3309 T
707 3250 810 3311 iresca.
831 3253 896 3313 Alii
915 3250 1018 3337 legunt
1038 3254 1071 3310 in
1084 3252 1236 3311 Macrobio

84 3326 273 3400 Tarquinium
293 3348 344 3407 pro
370 3331 531 3406 Tarquitio.
1035 3360 1037 3365 ·

124 3405 242 3464 Priscus
263 3406 486 3487 (Helvidius),
508 3410 602 3481 Phil..
616 3430 645 3476 et
665 3416 782 3474 Praetor
802 3414 928 3497 procacis
949 3414 1064 3497 {inguae
1077 3412 1109 3471 in
1122 3414 1238 3493 Vespas.

80 3490 223 3567 Imperat.
237 3534 244 3555 ‚
258 3490 309 3569 qui
321 3510 396 3559 eum
408 3492 504 3552 occidi
524 3494 629 3568 jussit,
647 3495 715 3553 licet
737 3513 835 3576 postea
856 3500 965 3573 jussum
987 3494 1145 3553 revocarit:
1159 3494 1238 3572 quod
1258 3534 1261 3539 ·

77 3566 188 3627 frustra
205 3564 260 3627 fuit
270 3593 277 3633 ι
288 3574 344 3640 iam
357 3574 438 3631 enim
453 3574 566 3633 occisus
578 3571 669 3633 fuerat
677 3575 793 3634 Priscus
801 3622 809 3648 ,
817 3594 885 3637 cum
901 3596 926 3635 ι..
937 3574 1107 3635 mandatum
1119 3574 1235 3655 Vespts.

81 3648 123 3708 ad
145 3665 310 3707 executores
331 3652 479 3728 pervenit.
591 3662 635 3712 ,θ
1246 3704 1249 3708 .

126 3726 244 3785 Priscus
263 3730 422 3804 (Neratius
434 3735 444 3808 )
454 3776 461 3799 ,
473 3735 602 3823 insignis
620 3736 847 3797 iurisconsultus
866 3736 921 3798 sub'
938 3738 1062 3816 Traiano
1072 3778 1079 3804 ,
1091 3752 1120 3793 tt
1132 3734 1235 3794 stdria-
1315 3726 1326 3747 '

23 3853 30 3891 3
76 3828 144 3872 mo.
164 3810 291 3882 Traiano
311 3810 382 3871 adeo
402 3814 545 3895 gratiosus
564 3812 643 3885 fuit,
664 3832 698 3876 ut
717 3820 891 3886 crederetur,
913 3820 941 3877 ei
962 3818 1116 3897 imperium
1138 3818 1236 3875 aTra·

77 3895 154 3967 jano
175 3907 241 3966 post
262 3910 291 3948 se
311 3894 504 3957 tradendum:
522 3896 647 3974 ⁴Neratio
668 3916 792 3979 namque
813 3899 976 3977 provincias
996 3897 1235 3965 commendarit,

80 3972 109 4030 si
133 3968 205 4048 quid
226 3969 283 4027 sibi
303 3972 416 4047 absenti
435 3972 521 4035 fatale
540 3976 732 4061 contigisset.
753 3978 858 4038 Edidit
870 3978 1097 4037 Membrararurr
1118 3978 1182 4035 libb.
1195 3994 1233 4040 rs

1391 1232 1427 1269 ζὶι

167 4046 240 4109 Pars
262 4050 302 4109 ΙΙ.
757 4122 763 4145 Ι
1056 4057 1078 4115 k
