3317 4817
257 361 261 364 ·
666 330 720 393 ΑΒ
1197 351 1213 391 t

119 426 151 473 ta
169 407 313 492 expressis
338 406 416 491 stylo
434 426 488 483 sup
507 407 623 469 Aenirri
642 409 815 471 sententiis.
836 408 895 473 llic
915 408 1020 471 missus
1052 398 1112 471 luit
1132 428 1149 470 a
1167 355 1276 489 &aare

121 491 332 553 Alexandriam
353 492 503 587 Atgvpti,
525 510 560 549 ut
577 491 707 550 educaret
719 536 726 558 ,
739 510 862 573 regeret,
878 509 908 550 et
926 508 1066 552 tutaretur
1085 488 1219 551 defuncti
1237 505 1277 550 re-

120 574 168 655 gis
186 571 348 631 Ptolemaei
368 568 484 638 filiu-m,
505 590 591 649 quem
613 572 740 628 moriens
761 590 838 651 parer
859 573 912 630 sub
932 570 1023 631 tutela
1050 572 1120 649 Pop.
1136 570 1223 647 Rpm.
1236 589 1278 629 te.

116 669 269 711 stamento
289 670 342 710 suo
361 651 480 729 reliquit
500 693 508 707 .
528 651 589 709 Cic.
604 652 637 708 in
659 649 748 707 Bruto
768 692 776 714 ,
796 671 846 709 sen
875 650 911 709 de
933 650 975 708 CI.
996 648 1077 705 Orat.
1104 668 1137 707 ut
1164 648 1276 713 honum

120 733 296 811 scriptorem
318 750 383 788 eum
405 730 610 789 commendat.
631 729 709 788 Vide
730 729 851 803 Lepidus
870 731 902 787 in
924 729 956 787 L.
978 729 1020 787 Ex
1036 728 1133 786 Gente
1153 727 1279 787 Aemilia

121 807 183 870 fuit
201 812 301 890 Scipio
321 807 475 869 Africanus
493 810 614 879 Iunior,
627 808 778 889 adopiatus
797 831 815 868 a
834 806 898 869 filio
914 808 1061 890 Scipionis
1078 804 1213 869 Africani,
1229 826 1278 873 an·

125 891 281 972 tiquioris.

561 970 745 1030 Corollarium
771 968 838 1029 VII.
1093 1030 1096 1038 Κ

162 1048 313 1108 Aerarium
333 1051 439 1130 Populi
459 1053 547 1109 Rom.
559 1052 593 1109 in
613 1069 672 1131 quo
692 1070 813 1118 aurum,
832 1064 863 1109 et
882 1054 1031 1135 argentirm
1053 1052 1138 1131 Reip.
1146 1050 1274 1132 reposita

119 1148 264 1200 erant,ut
283 1133 372 1189 etiam
383 1134 455 1190 Acta
466 1131 596 1210 publica,
609 1130 877 1199 senatusconsulta,
887 1150 916 1189 et
937 1131 1004 1191 libri
1017 1129 1225 1211 Elephantini,
1239 1134 1274 1191 in

118 1208 228 1289 quibus
248 1210 405 1289 descriptae
426 1227 506 1269 erant
531 1230 574 1285 35.
599 1207 687 1269 Urbis
705 1208 832 1277 Tribus,
854 1212 943 1269 situm
964 1227 1022 1269 erat
1044 1211 1078 1269 in
1097 1210 1210 1291 templo
1228 1213 1275 1269 Sa-

118 1289 228 1359 turni,
250 1288 301 1348 ubi
328 1290 469 1349 Censores
494 1290 583 1347 creati
612 1287 767 1360 jurabant,
788 1307 818 1347 et
843 1306 902 1369 quo
928 1288 1142 1349 conveniebant
1170 1290 1272 1371 Legati

119 1370 215 1426 exteri
236 1370 361 1427 Romam
392 1371 474 1428 missi
494 1412 501 1425 .
519 1370 635 1448 Septem
655 1370 744 1427 annis
761 1384 829 1428 ante
855 1390 878 1443 ς.
899 1368 1008 1427 bellum
1027 1372 1172 1436 Punicum
1192 1384 1274 1428 erant

116 1446 154 1504 in
175 1446 298 1505 Aeraria
323 1449 460 1507 undecim
490 1448 573 1517 mil..
598 1464 628 1505 et
655 1469 722 1507 too.
748 1450 809 1507 auri
837 1446 948 1517 librae,
969 1464 998 1507 et
1033 1470 1081 1519 92·
1105 1448 1168 1507 mil.
1189 1447 1274 1507 libra-

117 1546 184 1584 rum
212 1529 325 1609 argenti
353 1546 415 1585 non
442 1528 550 1608 signati
579 1546 689 1607 praeter
715 1528 872 1607 pecunias,
893 1548 942 1587 seu
972 1529 1121 1587 metallum
1150 1532 1210 1605 jam
1237 1530 1274 1587 si-

118 1624 259 1687 gnatum,
281 1608 318 1666 ad
337 1626 473 1667 nummos
494 1624 611 1674 aureos,
632 1623 662 1665 et
681 1624 829 1687 argenteos
848 1607 1014 1667 redactum.
1034 1608 1108 1668 Cato
1116 1607 1273 1669 Censorius

15 1758 20 1765 Ι
116 1703 156 1740 ex
169 1686 313 1765 Hispania
331 1688 430 1755 redux,
452 1686 576 1744 devictis
595 1686 725 1768 antiquis
744 1686 930 1753 cataloniae,
945 1704 977 1746 tt
994 1686 1203 1749 celtibetomm
1220 1705 1274 1767 po·

118 1763 207 1843 pulis,
228 1767 355 1824 Romam
375 1767 576 1848 adsportavit,
597 1783 627 1823 et
646 1766 681 1823 in
701 1767 852 1823 Aerarium
871 1765 978 1825 intulit
1001 1774 1066 1836 148.
1080 1765 1275 1829 milliwlibto·

117 1861 183 1900 rum
212 1848 324 1927 argenti
344 1870 351 1904 :
371 1848 548 1905 anxiantem
570 1845 708 1903 Oscensis
732 1865 795 1916 540.
818 1844 903 1903 libras
937 1862 982 1903 an.
1004 1848 1041 1903 V.
1062 1846 1095 1903 C
1123 1854 1189 1917 5⁶0·
1204 1845 1274 1929 plus

116 1924 235 1984 minus.
255 1928 329 1983 Post
346 1942 509 2005 superatum
530 1946 546 1983 a
566 1926 598 1983 P.
611 1924 742 1989 Aemilio
761 1925 888 1991 Persen,
910 1942 959 1983 sert
979 1926 1132 1991 Perseum,
1151 1942 1270 1985 tantum

117 2003 197 2071 auri,
219 2022 249 2061 et
268 2008 380 2087 argenti
400 2028 416 2063 a
436 2003 536 2063 Paullo
556 2004 688 2062 Aemilio
707 2005 741 2061 in
761 2001 909 2061 Aerarium
929 2000 986 2062 fuit
1007 2003 1132 2073 illarum,
1154 2019 1186 2061 ut
1206 2003 1274 2063 nul·
1355 2076 1357 2081 Ι

116 2078 182 2138 lum
202 2083 345 2143 tributum
366 2086 540 2163 imperatum
561 2083 697 2163 deinceps
716 2079 805 2141 fuerit
825 2101 913 2162 usque
934 2083 969 2141 ad
988 2084 1101 2153 Hirtii,
1118 2101 1148 2141 et
1163 2084 1273 2145 Pansae

116 2164 318 2226 consulatum.
330 2164 503 2224 itaPlin.in
524 2165 608 2221 HN.
623 2165 686 2221 lam
698 2182 767 2221 vero
779 2181 825 2220 au.
839 2164 876 2220 V.
889 2164 922 2222 C.
939 2170 1040 2235 trita
1061 2164 1101 2241 Q.
1123 2163 1271 2242 Caepione

116 2240 207 2311 Cos,
226 2244 334 2302 Tolosa
354 2246 387 2302 in
407 2243 516 2302 Galliis
545 2242 676 2323 praedata
696 2287 705 2311 ,
725 2243 761 2299 in
786 2241 934 2301 Aerarium
961 2243 1126 2323 adspectata
1152 2238 1269 2303 fuerunt

118 2339 188 2381 110.
203 2322 267 2381 mih
281 2324 343 2382 auri
404 2324 463 2382 ndo
483 2344 490 2389 3
511 2322 623 2405 argenti
650 2336 748 2382 autem
775 2323 931 2404 quinquies
951 2322 1048 2382 decies
1065 2332 1186 2382 centena
1206 2322 1271 2382 mil-

113 2400 174 2466 lia,
195 2421 269 2482 quae
287 2424 322 2461 ex
342 2342 402 2463 ilii)
413 2403 543 2464 Ciuitate
573 2401 664 2462 ablata
693 2399 832 2463 filerunt.
855 2404 910 2463 Ita'
929 2402 1078 2463 Iustinus.
1093 2402 1270 2473 Λυκίη..

114 2481 198 2561 quod
217 2502 427 2544 sacrosanctum
447 2502 566 2555 erat,et
584 2501 690 2565 eiquo
710 2482 788 2543 nihil
808 2482 921 2543 extrahi
941 2488 1072 2565 poterat,
1088 2483 1146 2541 nisi
1170 2500 1269 2565 urgen-

113 2579 146 2619 te
167 2561 244 2621 bello
272 2581 372 2623 contra
391 2564 515 2644 Reipula
543 2564 662 2632 hostes,
683 2563 731 2623 vel
757 2566 794 2624 ad
824 2566 918 2645 Opera
946 2564 1082 2646 publica,
1105 2562 1266 2641 expilasum

112 2638 175 2700 fuit
194 2643 464 2704 reuirescere
483 2646 575 2704 initio
595 2643 664 2703 helli
683 2645 812 2710 Civilis,
828 2646 933 2705 Senatu
953 2642 1057 2703 frustra
1076 2642 1267 2713 reclamante,

113 2721 288 2780 cellerario
307 2719 462 2783 Praefectis
478 2724 766 2784 contranitentibus.
786 2722 864 2782 Vide
884 2724 987 2781 Fiscus·
1004 2725 1039 2781 in
1060 2720 1097 2779 F.
1140 2732 1141 2737 ’

154 2802 261 2858 Acrius
280 2804 416 2883 antiquus
436 2801 645 2874 haeresiarcha,
666 2805 718 2883 qui
739 2824 766 2875 p
780 2803 921 2861 Ecclesiae
941 2802 1035 2861 seculo
1055 2816 1163 2880 praeter
1184 2803 1266 2863 Aria·

110 2882 266 2948 niernum,
288 2901 346 2961 quo
366 2884 499 2943 imbutus
516 2880 631 2952 fuerat,
645 2883 717 2958 alios
737 2901 842 2940 errores
861 2883 1078 2961 inrerir‚quos
1096 2876 1265 2941 Orthodoxi

114 2963 213 3018 Patres
233 2960 419 3029 damnarunt,
430 2980 460 3020 et
478 2960 657 3023 refutarunt.
679 2957 759 3040 Attii
778 2980 841 3019 non
861 2980 964 3041 paucos
984 2980 1089 3020 errores
1110 2976 1187 3019 nunc
1207 2980 1268 3019 arn-

134 3039 279 3098 lectunmr
299 3040 470 3102 Lutheriani
488 3089 496 3110 ,
517 3061 546 3101 et
567 3042 735 3103 Calviniani
754 3086 761 3109 ,
783 3043 854 3101 iicet
878 3043 983 3121 scripta
1002 3042 1105 3110 Aerii,
1127 3057 1158 3099 tt
1177 3057 1265 3105 rerer.

109 3059 1125 3201 hastatorumperieri-nt‚DehaclraereriiEpiphan.,er‘l’heodoretus
1167 3138 1264 3180 eruum

154 3197 333 3256 Aeserninus·
346 3201 471 3269 Orator,
493 3203 543 3283 qui
563 3219 678 3285 rogatus
699 3200 794 3259 noluit
823 3202 879 3261 CN
906 3202 1045 3261 Pisonem
1076 3200 1148 3258 male
1168 3201 1207 3258 cii
1227 3202 1263 3259 in

113 3279 324 3337 Germanicum
344 3280 502 3345 Caesarem,
522 3283 658 3359 captain
678 3282 748 3339 Asia
769 3281 877 3363 legatus
898 3278 997 3349 fuerat,
1019 3296 1179 3339 accusatum
1208 3280 1265 3339 sub

110 3358 233 3419 Tiberio
240 3356 391 3417 defendere
401 3406 407 3417 .
420 3364 539 3423 ltaTac.
547 3363 566 3418 l.
580 3386 606 3429 3·
616 3359 722 3417 Arnai.
730 3358 876 3417 Aesemini
886 3360 979 3419 Orata.
990 3360 1083 3423 nullae
1090 3366 1262 3439 supersunt.

150 3436 282 3509 Aesopus
301 3438 419 3500 celebris
439 3442 526 3499 Rom.
547 3440 678 3507 Histrio,
692 3440 913 3521 Tragaediarrrm
935 3442 1034 3508 Actor,
1055 3438 1162 3497 Roscio
1181 3457 1263 3515 coaef

110 3537 178 3575 vrrs.
200 3518 270 3575 Fuit
291 3520 399 3577 Roscio
419 3522 532 3603 gravior
553 3522 587 3578 in
606 3537 688 3599 gestu
704 3520 845 3581 :Roscius
865 3536 962 3579 autem
981 3520 1098 3577 citatior
1110 3562 1117 3575 .
1129 3517 1259 3591 Macrob.

107 3597 143 3657 in
161 3595 276 3653 Sarum.
294 3598 424 3659 indicare
451 3601 586 3669 ridetur,
607 3615 679 3658 tunc
709 3598 923 3658 Histrionicam
955 3596 1163 3679 professionem
1181 3599 1263 3657 int‘et·

9 3682 13 3697 '
107 3693 205 3753 turpes
228 3694 289 3735 non
308 3675 459 3748 habitam,
480 3680 548 3738 licet
568 3676 682 3738 Gellius
701 3680 801 3737 coritra
822 3680 929 3740 sentire
960 3679 1106 3737 rideatur.
1128 3675 1257 3751 Aesopus

106 3752 202 3812 filium
224 3754 404 3817 dirissimum
425 3760 544 3839 reliquit
564 3780 601 3818 cr
620 3758 808 3838 proventibus
827 3760 901 3817 artis
916 3778 981 3817 sune
1001 3803 1008 3825 ‚
1030 3756 1080 3815 sed
1106 3757 1176 3815 adeo
1197 3777 1263 3837 pro

106 3832 227 3921 dignm,
248 3856 280 3892 ac
301 3837 383 3897 luxui
403 3840 536 3897 deditum
553 3886 560 3907 ,
583 3859 615 3898 ut
636 3838 781 3896 unionem
806 3839 936 3919 ingentis
957 3839 1045 3917 pretii
1062 3839 1164 3896 uxoris
1192 3859 1259 3897 sisae

107 3932 192 4049 ascero
209 3910 400 4056 lgquefactum
427 3938 534 3981 coritae
563 3920 733 4000 apposuerit
759 3916 939 3994 hibendum.
962 3920 1010 3975 lta
1040 3920 1139 3977 Horat.
1160 3916 1207 3975 libr
1229 3938 1262 3977 as

132 4012 195 4051 eun.
249 4014 342 4057 cens..
408 4030 414 4038 ·
578 4016 582 4023 ·
638 4037 640 4044 -
