<?xml version="1.0" encoding="UTF-8"?>
<!DOCTYPE html PUBLIC "-//W3C//DTD XHTML 1.0 Transitional//EN"
    "http://www.w3.org/TR/xhtml1/DTD/xhtml1-transitional.dtd">
<html xmlns="http://www.w3.org/1999/xhtml" xml:lang="en" lang="en">
 <head>
  <title>
</title>
<meta http-equiv="Content-Type" content="text/html;charset=utf-8" />
  <meta name='ocr-system' content='tesseract 3.04.00' />
  <meta name='ocr-capabilities' content='ocr_page ocr_carea ocr_par ocr_line ocrx_word'/>
</head>
<body>
  <div class='ocr_page' id='page_1' title='image "./matthaeiaimeric00aymegoog/matthaeiaimeric00aymegoog_0235.png"; bbox 0 0 3317 4817; ppageno 0'>
   <div class='ocr_carea' id='block_1_1' title="bbox 68 316 1355 3826">
    <p class='ocr_par' dir='ltr' id='par_1_1' title="bbox 77 316 1251 856">
     <span class='ocr_line' id='line_1_1' title="bbox 79 316 1251 449; baseline -0.002 -18"><span class='ocrx_word' id='word_1_1' title='bbox 79 382 148 441; x_wconf 84' lang='lat' dir='ltr'><strong>est,</strong></span> <span class='ocrx_word' id='word_1_2' title='bbox 169 367 311 433; x_wconf 78' lang='lat' dir='ltr'><strong>nonnulla</strong></span> <span class='ocrx_word' id='word_1_3' title='bbox 326 362 426 430; x_wconf 75' lang='lat' dir='ltr'><strong>&#39;indae</strong></span> <span class='ocrx_word' id='word_1_4' title='bbox 446 387 472 432; x_wconf 82' lang='lat' dir='ltr'><strong>r.</strong></span> <span class='ocrx_word' id='word_1_5' title='bbox 485 363 557 438; x_wconf 68' lang='lat' dir='ltr'><strong>ib,</strong></span> <span class='ocrx_word' id='word_1_6' title='bbox 576 370 630 449; x_wconf 76' lang='lat' dir='ltr'><strong>qui</strong></span> <span class='ocrx_word' id='word_1_7' title='bbox 646 367 774 430; x_wconf 78' lang='lat' dir='ltr'><strong>vuitiatus</strong></span> <span class='ocrx_word' id='word_1_8' title='bbox 793 383 873 431; x_wconf 82' lang='lat' dir='ltr'><strong>nunc</strong></span> <span class='ocrx_word' id='word_1_9' title='bbox 892 382 955 435; x_wconf 84' lang='lat' dir='ltr'><strong>eu,</strong></span> <span class='ocrx_word' id='word_1_10' title='bbox 975 368 1092 437; x_wconf 70' lang='lat' dir='ltr'><strong>dense,</strong></span> <span class='ocrx_word' id='word_1_11' title='bbox 1111 382 1143 431; x_wconf 85' lang='lat' dir='ltr'><strong>et</strong></span> <span class='ocrx_word' id='word_1_12' title='bbox 1160 316 1251 435; x_wconf 68' lang='lat' dir='ltr'><strong>first..</strong></span> 
     </span>
     <span class='ocr_line' id='line_1_2' title="bbox 78 447 1241 533; baseline 0.001 -23"><span class='ocrx_word' id='word_1_13' title='bbox 78 466 131 510; x_wconf 88' lang='lat' dir='ltr'><strong>tan</strong></span> <span class='ocrx_word' id='word_1_14' title='bbox 153 470 219 533; x_wconf 81' lang='lat' dir='ltr'><strong>post</strong></span> <span class='ocrx_word' id='word_1_15' title='bbox 238 449 316 512; x_wconf 90' lang='lat' dir='ltr'><strong>hunc</strong></span> <span class='ocrx_word' id='word_1_16' title='bbox 336 452 389 512; x_wconf 85' lang='lat' dir='ltr'><strong>alii</strong></span> <span class='ocrx_word' id='word_1_17' title='bbox 409 449 477 511; x_wconf 87' lang='lat' dir='ltr'><strong>iibri</strong></span> <span class='ocrx_word' id='word_1_18' title='bbox 497 447 615 509; x_wconf 86' lang='lat' dir='ltr'><strong>fuerunt</strong></span> <span class='ocrx_word' id='word_1_19' title='bbox 635 450 671 511; x_wconf 86' lang='lat' dir='ltr'><strong>ab</strong></span> <span class='ocrx_word' id='word_1_20' title='bbox 689 449 821 519; x_wconf 85' lang='lat' dir='ltr'><strong>eoediti,</strong></span> <span class='ocrx_word' id='word_1_21' title='bbox 835 452 888 532; x_wconf 81' lang='lat' dir='ltr'><strong>qui</strong></span> <span class='ocrx_word' id='word_1_22' title='bbox 900 451 1241 531; x_wconf 78' lang='lat' dir='ltr'><strong>latent,aelperierunt,</strong></span> 
     </span>
     <span class='ocr_line' id='line_1_3' title="bbox 78 529 1241 609; baseline 0.002 -19"><span class='ocrx_word' id='word_1_23' title='bbox 78 529 115 590; x_wconf 85' lang='lat' dir='ltr'><strong>ln</strong></span> <span class='ocrx_word' id='word_1_24' title='bbox 137 533 221 594; x_wconf 84' lang='lat' dir='ltr'><strong>libris</strong></span> <span class='ocrx_word' id='word_1_25' title='bbox 243 556 291 603; x_wconf 59' lang='lat'><strong>2„</strong></span> <span class='ocrx_word' id='word_1_26' title='bbox 317 554 361 609; x_wconf 81' lang='lat'><strong>3.,</strong></span> <span class='ocrx_word' id='word_1_27' title='bbox 384 554 431 605; x_wconf 69' lang='lat'><strong>4,</strong></span> <span class='ocrx_word' id='word_1_28' title='bbox 451 545 482 589; x_wconf 91' lang='lat' dir='ltr'><strong>et</strong></span> <span class='ocrx_word' id='word_1_29' title='bbox 502 538 551 595; x_wconf 79' lang='grc' dir='ltr'><strong>ό..</strong></span> <span class='ocrx_word' id='word_1_30' title='bbox 571 530 714 591; x_wconf 87' lang='lat' dir='ltr'><strong>nonnulla</strong></span> <span class='ocrx_word' id='word_1_31' title='bbox 732 530 862 591; x_wconf 85' lang='lat' dir='ltr'><strong>desunt.</strong></span> <span class='ocrx_word' id='word_1_32' title='bbox 882 534 920 593; x_wconf 83' lang='lat' dir='ltr'><strong>Ia</strong></span> <span class='ocrx_word' id='word_1_33' title='bbox 939 529 1131 592; x_wconf 66' lang='lat' dir='ltr'><em>Saturnalium</em></span> <span class='ocrx_word' id='word_1_34' title='bbox 1156 531 1241 593; x_wconf 81' lang='lat' dir='ltr'><strong>libris</strong></span> 
     </span>
     <span class='ocr_line' id='line_1_4' title="bbox 77 608 1241 695; baseline 0.002 -24"><span class='ocrx_word' id='word_1_35' title='bbox 77 614 234 684; x_wconf 76' lang='lat' dir='ltr'>ostendit,</span> <span class='ocrx_word' id='word_1_36' title='bbox 255 634 290 673; x_wconf 86' lang='lat' dir='ltr'><strong>ex</strong></span> <span class='ocrx_word' id='word_1_37' title='bbox 311 612 415 693; x_wconf 85' lang='lat' dir='ltr'><strong>quibus</strong></span> <span class='ocrx_word' id='word_1_38' title='bbox 442 612 544 671; x_wconf 86' lang='lat' dir='ltr'><strong>Poetis</strong></span> <span class='ocrx_word' id='word_1_39' title='bbox 568 612 711 681; x_wconf 86' lang='lat' dir='ltr'><strong>Graecis,</strong></span> <span class='ocrx_word' id='word_1_40' title='bbox 732 627 761 669; x_wconf 90' lang='lat' dir='ltr'><strong>et</strong></span> <span class='ocrx_word' id='word_1_41' title='bbox 789 612 904 674; x_wconf 85' lang='lat' dir='ltr'><strong>Latinis</strong></span> <span class='ocrx_word' id='word_1_42' title='bbox 933 608 1012 695; x_wconf 84' lang='lat' dir='ltr'><strong>Virg.</strong></span> <span class='ocrx_word' id='word_1_43' title='bbox 1034 609 1185 692; x_wconf 78' lang='lat' dir='ltr'>profecerit</span> <span class='ocrx_word' id='word_1_44' title='bbox 1204 614 1241 673; x_wconf 88' lang='lat' dir='ltr'><strong>iu</strong></span> 
     </span>
     <span class='ocr_line' id='line_1_5' title="bbox 81 690 1243 774; baseline 0 -21"><span class='ocrx_word' id='word_1_45' title='bbox 81 693 141 753; x_wconf 89' lang='lat' dir='ltr'><strong>suis</strong></span> <span class='ocrx_word' id='word_1_46' title='bbox 154 693 352 761; x_wconf 81' lang='lat' dir='ltr'><strong>Poematibus,</strong></span> <span class='ocrx_word' id='word_1_47' title='bbox 373 713 469 753; x_wconf 67' lang='lat' dir='ltr'><strong>vasus</strong></span> <span class='ocrx_word' id='word_1_48' title='bbox 481 692 604 774; x_wconf 82' lang='lat' dir='ltr'><strong>Virgilii</strong></span> <span class='ocrx_word' id='word_1_49' title='bbox 613 712 682 751; x_wconf 88' lang='lat' dir='ltr'><strong>cum</strong></span> <span class='ocrx_word' id='word_1_50' title='bbox 703 692 826 751; x_wconf 89' lang='lat' dir='ltr'><strong>aliorum</strong></span> <span class='ocrx_word' id='word_1_51' title='bbox 849 691 978 755; x_wconf 80' lang='lat' dir='ltr'><strong>versibus</strong></span> <span class='ocrx_word' id='word_1_52' title='bbox 996 690 1163 753; x_wconf 84' lang='lat' dir='ltr'><strong>conferens.</strong></span> <span class='ocrx_word' id='word_1_53' title='bbox 1174 693 1243 762; x_wconf 67' lang='lat' dir='ltr'><strong>iile·</strong></span> 
     </span>
     <span class='ocr_line' id='line_1_6' title="bbox 81 772 968 856; baseline -0.002 -23"><span class='ocrx_word' id='word_1_54' title='bbox 81 794 111 833; x_wconf 92' lang='lat' dir='ltr'><strong>ra</strong></span> <span class='ocrx_word' id='word_1_55' title='bbox 131 778 223 834; x_wconf 88' lang='lat' dir='ltr'><strong>etiam</strong></span> <span class='ocrx_word' id='word_1_56' title='bbox 245 776 308 856; x_wconf 88' lang='lat' dir='ltr'><strong>ipse</strong></span> <span class='ocrx_word' id='word_1_57' title='bbox 327 793 364 833; x_wconf 82' lang='lat' dir='ltr'><strong>ex</strong></span> <span class='ocrx_word' id='word_1_58' title='bbox 383 772 500 852; x_wconf 68' lang='lat' dir='ltr'><strong>Gellio,</strong></span> <span class='ocrx_word' id='word_1_59' title='bbox 520 791 552 831; x_wconf 88' lang='lat' dir='ltr'><strong>et</strong></span> <span class='ocrx_word' id='word_1_60' title='bbox 570 772 634 832; x_wconf 90' lang='lat' dir='ltr'><strong>Val.</strong></span> <span class='ocrx_word' id='word_1_61' title='bbox 646 774 726 833; x_wconf 86' lang='lat' dir='ltr'><strong>Max.</strong></span> <span class='ocrx_word' id='word_1_62' title='bbox 737 788 888 839; x_wconf 83' lang='lat' dir='ltr'><strong>mutuatus</strong></span> <span class='ocrx_word' id='word_1_63' title='bbox 907 787 968 833; x_wconf 71' lang='lat' dir='ltr'><strong>est.</strong></span> 
     </span>
    </p>

    <p class='ocr_par' dir='ltr' id='par_1_2' title="bbox 75 851 1302 1255">
     <span class='ocr_line' id='line_1_7' title="bbox 103 851 1302 934; baseline 0.003 -23"><span class='ocrx_word' id='word_1_64' title='bbox 103 855 290 914; x_wconf 80' lang='lat' dir='ltr'><strong>Maecianus</strong></span> <span class='ocrx_word' id='word_1_65' title='bbox 310 855 322 933; x_wconf 94' lang='lat'>(</span> <span class='ocrx_word' id='word_1_66' title='bbox 342 857 375 913; x_wconf 89' lang='lat' dir='ltr'><strong>L.</strong></span> <span class='ocrx_word' id='word_1_67' title='bbox 386 852 525 913; x_wconf 87' lang='lat' dir='ltr'><strong>Volusius</strong></span> <span class='ocrx_word' id='word_1_68' title='bbox 544 851 579 929; x_wconf 83' lang='lat'><strong>)‚</strong></span> <span class='ocrx_word' id='word_1_69' title='bbox 599 853 841 924; x_wconf 78' lang='lat' dir='ltr'><strong>Iurisconsultus,</strong></span> <span class='ocrx_word' id='word_1_70' title='bbox 863 873 921 934; x_wconf 90' lang='lat' dir='ltr'><strong>quo</strong></span> <span class='ocrx_word' id='word_1_71' title='bbox 938 870 1009 927; x_wconf 78' lang='lat' dir='ltr'><strong>¹rasus</strong></span> <span class='ocrx_word' id='word_1_72' title='bbox 1035 866 1079 912; x_wconf 84' lang='lat' dir='ltr'><strong>est</strong></span> <span class='ocrx_word' id='word_1_73' title='bbox 1109 852 1239 915; x_wconf 79' lang='lat' dir='ltr'><strong>Antoni·</strong></span> <span class='ocrx_word' id='word_1_74' title='bbox 1300 893 1302 899; x_wconf 92' lang='lat'>·</span> 
     </span>
     <span class='ocr_line' id='line_1_8' title="bbox 78 930 1272 1017; baseline -0.003 -23"><span class='ocrx_word' id='word_1_75' title='bbox 78 954 133 995; x_wconf 87' lang='lat' dir='ltr'><strong>nus</strong></span> <span class='ocrx_word' id='word_1_76' title='bbox 155 938 227 997; x_wconf 84' lang='lat' dir='ltr'><strong>Pius</strong></span> <span class='ocrx_word' id='word_1_77' title='bbox 238 931 314 1017; x_wconf 71' lang='lat' dir='ltr'><strong>In&#39;rp,</strong></span> <span class='ocrx_word' id='word_1_78' title='bbox 327 937 398 1014; x_wconf 83' lang='lat' dir='ltr'><strong>Ejus</strong></span> <span class='ocrx_word' id='word_1_79' title='bbox 416 934 451 993; x_wconf 87' lang='lat' dir='ltr'><strong>iu</strong></span> <span class='ocrx_word' id='word_1_80' title='bbox 471 935 538 993; x_wconf 85' lang='lat' dir='ltr'><strong>lure</strong></span> <span class='ocrx_word' id='word_1_81' title='bbox 557 933 674 993; x_wconf 79' lang='lat' dir='ltr'><strong>auditor</strong></span> <span class='ocrx_word' id='word_1_82' title='bbox 692 930 752 994; x_wconf 84' lang='lat' dir='ltr'><strong>fuit</strong></span> <span class='ocrx_word' id='word_1_83' title='bbox 770 936 820 993; x_wconf 76' lang='lat' dir='ltr'><strong>M.</strong></span> <span class='ocrx_word' id='word_1_84' title='bbox 839 933 934 995; x_wconf 76' lang='lat' dir='ltr'><strong>Aurei.</strong></span> <span class='ocrx_word' id='word_1_85' title='bbox 956 930 1130 993; x_wconf 77' lang='lat' dir='ltr'><strong>Antoninus</strong></span> <span class='ocrx_word' id='word_1_86' title='bbox 1159 933 1237 995; x_wconf 88' lang='lat' dir='ltr'><strong>Phil.</strong></span> <span class='ocrx_word' id='word_1_87' title='bbox 1269 984 1272 991; x_wconf 89' lang='lat'>.</span> 
     </span>
     <span class='ocr_line' id='line_1_9' title="bbox 78 1012 1240 1098; baseline -0.006 -24"><span class='ocrx_word' id='word_1_88' title='bbox 78 1016 131 1095; x_wconf 89' lang='lat' dir='ltr'><strong>qui</strong></span> <span class='ocrx_word' id='word_1_89' title='bbox 151 1030 218 1076; x_wconf 83' lang='lat' dir='ltr'><strong>euru</strong></span> <span class='ocrx_word' id='word_1_90' title='bbox 239 1018 367 1098; x_wconf 73' lang='lat' dir='ltr'><strong>amicum</strong></span> <span class='ocrx_word' id='word_1_91' title='bbox 389 1030 472 1075; x_wconf 81' lang='lat' dir='ltr'><strong>vocat</strong></span> <span class='ocrx_word' id='word_1_92' title='bbox 493 1015 527 1072; x_wconf 90' lang='lat' dir='ltr'><strong>in</strong></span> <span class='ocrx_word' id='word_1_93' title='bbox 547 1016 700 1095; x_wconf 87' lang='lat' dir='ltr'><strong>Rescripto</strong></span> <span class='ocrx_word' id='word_1_94' title='bbox 718 1014 867 1096; x_wconf 85' lang='lat' dir='ltr'><strong>quodam.</strong></span> <span class='ocrx_word' id='word_1_95' title='bbox 887 1014 1009 1093; x_wconf 76' lang='lat' dir='ltr'><strong>Scripsit</strong></span> <span class='ocrx_word' id='word_1_96' title='bbox 1033 1012 1240 1073; x_wconf 60' lang='lat' dir='ltr'><strong>Fideieammiss</strong></span> 
     </span>
     <span class='ocr_line' id='line_1_10' title="bbox 75 1091 1236 1171; baseline 0.003 -21"><span class='ocrx_word' id='word_1_97' title='bbox 75 1113 169 1153; x_wconf 83' lang='lat' dir='ltr'><strong>sorum</strong></span> <span class='ocrx_word' id='word_1_98' title='bbox 189 1095 504 1171; x_wconf 81' lang='lat' dir='ltr'><strong>libb.1u.De.pablicis</strong></span> <span class='ocrx_word' id='word_1_99' title='bbox 522 1094 642 1154; x_wconf 82' lang='lat' dir='ltr'><strong>Iudiciis</strong></span> <span class='ocrx_word' id='word_1_100' title='bbox 662 1094 729 1153; x_wconf 85' lang='lat' dir='ltr'><strong>libb.</strong></span> <span class='ocrx_word' id='word_1_101' title='bbox 749 1115 796 1166; x_wconf 53' lang='lat' dir='ltr'><strong>tp</strong></span> <span class='ocrx_word' id='word_1_102' title='bbox 813 1094 866 1155; x_wconf 78' lang='lat' dir='ltr'><strong>De</strong></span> <span class='ocrx_word' id='word_1_103' title='bbox 884 1091 970 1155; x_wconf 66' lang='lat' dir='ltr'><strong>assu</strong></span> <span class='ocrx_word' id='word_1_104' title='bbox 990 1092 1181 1153; x_wconf 76' lang='lat' dir='ltr'><strong>distributione</strong></span> <span class='ocrx_word' id='word_1_105' title='bbox 1200 1096 1236 1153; x_wconf 85' lang='lat' dir='ltr'><strong>li·</strong></span> 
     </span>
     <span class='ocr_line' id='line_1_11' title="bbox 75 1174 538 1255; baseline 0.002 -23"><span class='ocrx_word' id='word_1_106' title='bbox 75 1176 197 1246; x_wconf 81' lang='lat' dir='ltr'><strong>bellum,</strong></span> <span class='ocrx_word' id='word_1_107' title='bbox 217 1194 248 1237; x_wconf 79' lang='lat' dir='ltr'><strong>ct</strong></span> <span class='ocrx_word' id='word_1_108' title='bbox 267 1177 303 1236; x_wconf 90' lang='lat' dir='ltr'><strong>de</strong></span> <span class='ocrx_word' id='word_1_109' title='bbox 322 1178 385 1255; x_wconf 79' lang='lat' dir='ltr'><strong>lege</strong></span> <span class='ocrx_word' id='word_1_110' title='bbox 403 1174 538 1234; x_wconf 79' lang='lat' dir='ltr'><strong>Rbodia.</strong></span> 
     </span>
    </p>

    <p class='ocr_par' dir='ltr' id='par_1_3' title="bbox 75 1253 1229 1421">
     <span class='ocr_line' id='line_1_12' title="bbox 115 1253 1229 1340; baseline 0.003 -26"><span class='ocrx_word' id='word_1_111' title='bbox 115 1255 269 1327; x_wconf 81' lang='lat' dir='ltr'><strong>Maeuius,</strong></span> <span class='ocrx_word' id='word_1_112' title='bbox 291 1260 380 1317; x_wconf 89' lang='lat' dir='ltr'><strong>Poeta</strong></span> <span class='ocrx_word' id='word_1_113' title='bbox 400 1258 481 1339; x_wconf 85' lang='lat' dir='ltr'><strong>Virg·</strong></span> <span class='ocrx_word' id='word_1_114' title='bbox 502 1272 692 1327; x_wconf 75' lang='lat' dir='ltr'><strong>coaetaneus,</strong></span> <span class='ocrx_word' id='word_1_115' title='bbox 712 1254 865 1340; x_wconf 82' lang='lat' dir='ltr'><strong>eidemque</strong></span> <span class='ocrx_word' id='word_1_116' title='bbox 884 1274 992 1337; x_wconf 86' lang='lat' dir='ltr'><strong>parum</strong></span> <span class='ocrx_word' id='word_1_117' title='bbox 1005 1253 1163 1337; x_wconf 88' lang='lat' dir='ltr'><strong>probatus.</strong></span> <span class='ocrx_word' id='word_1_118' title='bbox 1181 1256 1229 1317; x_wconf 81' lang='lat' dir='ltr'><strong>De</strong></span> 
     </span>
     <span class='ocr_line' id='line_1_13' title="bbox 75 1336 762 1421; baseline 0.003 -26"><span class='ocrx_word' id='word_1_119' title='bbox 75 1354 134 1408; x_wconf 85' lang='lat' dir='ltr'><strong>eo.</strong></span> <span class='ocrx_word' id='word_1_120' title='bbox 154 1336 241 1398; x_wconf 90' lang='lat' dir='ltr'><strong>etde</strong></span> <span class='ocrx_word' id='word_1_121' title='bbox 261 1340 353 1398; x_wconf 75' lang='lat' dir='ltr'><strong>Bauio</strong></span> <span class='ocrx_word' id='word_1_122' title='bbox 372 1338 456 1397; x_wconf 86' lang='lat' dir='ltr'><strong>Maro</strong></span> <span class='ocrx_word' id='word_1_123' title='bbox 476 1336 581 1421; x_wconf 80' lang='lat' dir='ltr'><strong>Eclogr</strong></span> <span class='ocrx_word' id='word_1_124' title='bbox 605 1340 762 1415; x_wconf 62' lang='lat' dir='ltr'><strong>peanis..</strong></span> 
     </span>
    </p>

    <p class='ocr_par' dir='ltr' id='par_1_4' title="bbox 237 1416 1253 1579">
     <span class='ocr_line' id='line_1_14' title="bbox 237 1416 1253 1495; baseline 0.002 -20"><span class='ocrx_word' id='word_1_125' title='bbox 237 1418 296 1495; x_wconf 81' lang='lat' dir='ltr'><strong>Qui</strong></span> <span class='ocrx_word' id='word_1_126' title='bbox 316 1418 439 1477; x_wconf 82' lang='lat' dir='ltr'><strong>Bauium</strong></span> <span class='ocrx_word' id='word_1_127' title='bbox 459 1435 513 1476; x_wconf 91' lang='lat' dir='ltr'><strong>nan</strong></span> <span class='ocrx_word' id='word_1_128' title='bbox 533 1420 609 1489; x_wconf 82' lang='lat' dir='ltr'><strong>odit,</strong></span> <span class='ocrx_word' id='word_1_129' title='bbox 631 1437 705 1480; x_wconf 85' lang='lat' dir='ltr'><strong>amet</strong></span> <span class='ocrx_word' id='word_1_130' title='bbox 726 1436 780 1479; x_wconf 84' lang='lat' dir='ltr'><strong>tta</strong></span> <span class='ocrx_word' id='word_1_131' title='bbox 799 1418 922 1479; x_wconf 85' lang='lat' dir='ltr'><strong>carmina</strong></span> <span class='ocrx_word' id='word_1_132' title='bbox 945 1416 1076 1477; x_wconf 79' lang='lat' dir='ltr'><strong>Macri:</strong></span> <span class='ocrx_word' id='word_1_133' title='bbox 1249 1428 1253 1435; x_wconf 84' lang='lat'>&#39;</span> 
     </span>
     <span class='ocr_line' id='line_1_15' title="bbox 238 1498 1215 1579; baseline 0 -22"><span class='ocrx_word' id='word_1_134' title='bbox 238 1499 335 1576; x_wconf 76' lang='lat' dir='ltr'><strong>Atque</strong></span> <span class='ocrx_word' id='word_1_135' title='bbox 353 1500 422 1557; x_wconf 80' lang='lat' dir='ltr'><strong>ilem</strong></span> <span class='ocrx_word' id='word_1_136' title='bbox 438 1499 541 1577; x_wconf 75' lang='lat' dir='ltr'><strong>iungat</strong></span> <span class='ocrx_word' id='word_1_137' title='bbox 560 1501 681 1574; x_wconf 77' lang='lat' dir='ltr'><strong>uulpes,</strong></span> <span class='ocrx_word' id='word_1_138' title='bbox 702 1516 731 1559; x_wconf 86' lang='lat' dir='ltr'><strong>et</strong></span> <span class='ocrx_word' id='word_1_139' title='bbox 749 1502 877 1579; x_wconf 77' lang='lat' dir='ltr'><strong>mulgeat</strong></span> <span class='ocrx_word' id='word_1_140' title='bbox 896 1498 1008 1557; x_wconf 78' lang='lat' dir='ltr'><strong>hircus.</strong></span> <span class='ocrx_word' id='word_1_141' title='bbox 1164 1502 1165 1507; x_wconf 75' lang='grc'>’</span> <span class='ocrx_word' id='word_1_142' title='bbox 1213 1554 1215 1557; x_wconf 87' lang='grc'>.</span> 
     </span>
    </p>

    <p class='ocr_par' dir='ltr' id='par_1_5' title="bbox 73 1577 1355 2119">
     <span class='ocr_line' id='line_1_16' title="bbox 115 1577 1355 1676; baseline 0.006 -41"><span class='ocrx_word' id='word_1_143' title='bbox 115 1577 275 1649; x_wconf 79' lang='lat' dir='ltr'><strong>Maeuius,</strong></span> <span class='ocrx_word' id='word_1_144' title='bbox 296 1600 383 1676; x_wconf 68' lang='lat' dir='ltr'><strong>quern</strong></span> <span class='ocrx_word' id='word_1_145' title='bbox 403 1582 490 1639; x_wconf 88' lang='lat' dir='ltr'><strong>Mart.</strong></span> <span class='ocrx_word' id='word_1_146' title='bbox 512 1598 595 1640; x_wconf 76' lang='lat' dir='ltr'><strong>vocat</strong></span> <span class='ocrx_word' id='word_1_147' title='bbox 613 1581 776 1657; x_wconf 75' lang='lat' dir='ltr'><strong>Jucundum</strong></span> <span class='ocrx_word' id='word_1_148' title='bbox 789 1618 804 1645; x_wconf 60' lang='lat'><strong>,0</strong></span> <span class='ocrx_word' id='word_1_149' title='bbox 822 1580 966 1659; x_wconf 80' lang='lat' dir='ltr'><strong>probunt.</strong></span> <span class='ocrx_word' id='word_1_150' title='bbox 988 1595 1019 1639; x_wconf 90' lang='lat' dir='ltr'><strong>et</strong></span> <span class='ocrx_word' id='word_1_151' title='bbox 1039 1580 1233 1642; x_wconf 84' lang='lat' dir='ltr'><strong>innocentem</strong></span> <span class='ocrx_word' id='word_1_152' title='bbox 1349 1638 1355 1644; x_wconf 85' lang='lat'><em>.</em></span> 
     </span>
     <span class='ocr_line' id='line_1_17' title="bbox 75 1656 1321 1741; baseline 0.001 -23"><span class='ocrx_word' id='word_1_153' title='bbox 75 1660 214 1728; x_wconf 75' lang='lat' dir='ltr'><strong>tunicum,</strong></span> <span class='ocrx_word' id='word_1_154' title='bbox 227 1677 258 1719; x_wconf 90' lang='lat' dir='ltr'><strong>ac</strong></span> <span class='ocrx_word' id='word_1_155' title='bbox 278 1677 397 1741; x_wconf 81' lang='lat' dir='ltr'><strong>utraque</strong></span> <span class='ocrx_word' id='word_1_156' title='bbox 417 1659 518 1741; x_wconf 81' lang='lat' dir='ltr'><strong>lingua</strong></span> <span class='ocrx_word' id='word_1_157' title='bbox 536 1660 674 1723; x_wconf 89' lang='lat' dir='ltr'><strong>doctum.</strong></span> <span class='ocrx_word' id='word_1_158' title='bbox 694 1663 797 1721; x_wconf 87' lang='lat' dir='ltr'><strong>Unum</strong></span> <span class='ocrx_word' id='word_1_159' title='bbox 816 1663 852 1718; x_wconf 88' lang='lat' dir='ltr'><strong>in</strong></span> <span class='ocrx_word' id='word_1_160' title='bbox 872 1680 907 1719; x_wconf 91' lang='lat' dir='ltr'><strong>eo</strong></span> <span class='ocrx_word' id='word_1_161' title='bbox 927 1656 1014 1719; x_wconf 80' lang='lat' dir='ltr'><strong>fuitne</strong></span> <span class='ocrx_word' id='word_1_162' title='bbox 1035 1660 1143 1720; x_wconf 87' lang='lat' dir='ltr'><strong>malum</strong></span> <span class='ocrx_word' id='word_1_163' title='bbox 1164 1662 1231 1734; x_wconf 85' lang='lat' dir='ltr'><strong>ait,</strong></span> <span class='ocrx_word' id='word_1_164' title='bbox 1290 1708 1293 1717; x_wconf 34' lang='lat' dir='ltr'><strong>f</strong></span> <span class='ocrx_word' id='word_1_165' title='bbox 1318 1722 1321 1729; x_wconf 16' lang='grc'><em>1</em></span> 
     </span>
     <span class='ocr_line' id='line_1_18' title="bbox 75 1737 1279 1822; baseline 0.001 -24"><span class='ocrx_word' id='word_1_166' title='bbox 75 1740 154 1819; x_wconf 87' lang='lat' dir='ltr'><strong>quod</strong></span> <span class='ocrx_word' id='word_1_167' title='bbox 176 1742 265 1813; x_wconf 82' lang='lat' dir='ltr'><strong>Poeta</strong></span> <span class='ocrx_word' id='word_1_168' title='bbox 284 1738 393 1810; x_wconf 85' lang='lat' dir='ltr'><strong>fuerit,</strong></span> <span class='ocrx_word' id='word_1_169' title='bbox 414 1743 493 1801; x_wconf 88' lang='lat' dir='ltr'><strong>unde</strong></span> <span class='ocrx_word' id='word_1_170' title='bbox 512 1740 580 1810; x_wconf 86' lang='lat' dir='ltr'><strong>ilii,</strong></span> <span class='ocrx_word' id='word_1_171' title='bbox 600 1740 679 1822; x_wconf 89' lang='lat' dir='ltr'><strong>quod</strong></span> <span class='ocrx_word' id='word_1_172' title='bbox 698 1737 849 1801; x_wconf 82' lang='lat' dir='ltr'><strong>fortunam</strong></span> <span class='ocrx_word' id='word_1_173' title='bbox 867 1740 1014 1799; x_wconf 82' lang='lat' dir='ltr'><strong>adversam</strong></span> <span class='ocrx_word' id='word_1_174' title='bbox 1036 1744 1227 1821; x_wconf 85' lang='lat' dir='ltr'><strong>experiretur.</strong></span> <span class='ocrx_word' id='word_1_175' title='bbox 1276 1750 1279 1753; x_wconf 82' lang='lat'>&#39;</span> 
     </span>
     <span class='ocr_line' id='line_1_19' title="bbox 74 1818 1251 1902; baseline 0.005 -28"><span class='ocrx_word' id='word_1_176' title='bbox 74 1820 153 1879; x_wconf 86' lang='lat' dir='ltr'><strong>Vide</strong></span> <span class='ocrx_word' id='word_1_177' title='bbox 173 1822 223 1879; x_wconf 87' lang='lat' dir='ltr'><strong>lib.</strong></span> <span class='ocrx_word' id='word_1_178' title='bbox 238 1843 283 1877; x_wconf 86' lang='lat' dir='ltr'><strong>ro.</strong></span> <span class='ocrx_word' id='word_1_179' title='bbox 308 1822 404 1898; x_wconf 84' lang='lat' dir='ltr'><strong>Epigr.</strong></span> <span class='ocrx_word' id='word_1_180' title='bbox 428 1824 497 1882; x_wconf 88' lang='lat' dir='ltr'><strong>Non</strong></span> <span class='ocrx_word' id='word_1_181' title='bbox 518 1822 630 1902; x_wconf 87' lang='lat' dir='ltr'><strong>liquet,</strong></span> <span class='ocrx_word' id='word_1_182' title='bbox 650 1840 689 1880; x_wconf 87' lang='lat' dir='ltr'><strong>an</strong></span> <span class='ocrx_word' id='word_1_183' title='bbox 710 1822 736 1881; x_wconf 86' lang='lat' dir='ltr'><strong>is</strong></span> <span class='ocrx_word' id='word_1_184' title='bbox 755 1822 797 1881; x_wconf 88' lang='lat' dir='ltr'><strong>sit</strong></span> <span class='ocrx_word' id='word_1_185' title='bbox 816 1818 969 1890; x_wconf 81' lang='lat' dir='ltr'><strong>Maeuius,</strong></span> <span class='ocrx_word' id='word_1_186' title='bbox 984 1840 1069 1901; x_wconf 90' lang='lat' dir='ltr'><strong>quern</strong></span> <span class='ocrx_word' id='word_1_187' title='bbox 1082 1822 1155 1881; x_wconf 85' lang='lat' dir='ltr'><strong>citat</strong></span> <span class='ocrx_word' id='word_1_188' title='bbox 1167 1822 1251 1881; x_wconf 75' lang='grc' dir='ltr'>Νοι·</span> 
     </span>
     <span class='ocr_line' id='line_1_20' title="bbox 73 1897 1183 1962; baseline 0.001 -5"><span class='ocrx_word' id='word_1_189' title='bbox 73 1899 141 1959; x_wconf 89' lang='lat' dir='ltr'><strong>nius</strong></span> <span class='ocrx_word' id='word_1_190' title='bbox 162 1897 283 1962; x_wconf 76' lang='lat' dir='ltr'><strong>afferens</strong></span> <span class='ocrx_word' id='word_1_191' title='bbox 303 1900 418 1961; x_wconf 79' lang='lat' dir='ltr'><strong>vars&#39;uru</strong></span> <span class='ocrx_word' id='word_1_192' title='bbox 438 1900 550 1961; x_wconf 79' lang='lat' dir='ltr'><strong>Maeuii</strong></span> <span class='ocrx_word' id='word_1_193' title='bbox 569 1921 604 1960; x_wconf 90' lang='lat' dir='ltr'><strong>ex</strong></span> <span class='ocrx_word' id='word_1_194' title='bbox 626 1899 804 1959; x_wconf 82' lang='lat' dir='ltr'><strong>Gallinaria.</strong></span> <span class='ocrx_word' id='word_1_195' title='bbox 833 1907 855 1955; x_wconf 60' lang='grc' dir='ltr'><strong><em>Ἄ</em></strong></span> <span class='ocrx_word' id='word_1_196' title='bbox 1178 1909 1183 1920; x_wconf 90' lang='grc'><strong>“</strong></span> 
     </span>
     <span class='ocr_line' id='line_1_21' title="bbox 75 1979 1235 2119; baseline 0.004 -81"><span class='ocrx_word' id='word_1_197' title='bbox 75 1980 275 2119; x_wconf 55' lang='grc' dir='ltr'><strong>ιώῐνέκνὶιιε,</strong></span> <span class='ocrx_word' id='word_1_198' title='bbox 297 1984 407 2058; x_wconf 82' lang='lat' dir='ltr'><strong>Poeta,</strong></span> <span class='ocrx_word' id='word_1_199' title='bbox 430 1984 555 2043; x_wconf 86' lang='lat' dir='ltr'><strong>Horatio</strong></span> <span class='ocrx_word' id='word_1_200' title='bbox 573 2001 714 2052; x_wconf 82' lang='lat' dir='ltr'><strong>coaetus,</strong></span> <span class='ocrx_word' id='word_1_201' title='bbox 736 1983 771 2042; x_wconf 91' lang='lat' dir='ltr'><strong>in</strong></span> <span class='ocrx_word' id='word_1_202' title='bbox 790 1999 878 2063; x_wconf 85' lang='lat' dir='ltr'><strong>quem</strong></span> <span class='ocrx_word' id='word_1_203' title='bbox 899 1997 943 2041; x_wconf 90' lang='lat' dir='ltr'><strong>est</strong></span> <span class='ocrx_word' id='word_1_204' title='bbox 972 1980 1034 2043; x_wconf 81' lang='lat' dir='ltr'><strong>Ode</strong></span> <span class='ocrx_word' id='word_1_205' title='bbox 1058 1981 1179 2041; x_wconf 80' lang='lat' dir='ltr'><strong>Horatii</strong></span> <span class='ocrx_word' id='word_1_206' title='bbox 1198 1979 1235 2044; x_wconf 89' lang='lat' dir='ltr'><strong>in</strong></span> 
     </span>
    </p>

    <p class='ocr_par' dir='ltr' id='par_1_6' title="bbox 91 2060 1083 2135">
     <span class='ocr_line' id='line_1_22' title="bbox 91 2060 1083 2135; baseline 0.002 -18"><span class='ocrx_word' id='word_1_207' title='bbox 91 2060 123 2118; x_wconf 84' lang='grc'><strong>”.</strong></span> <span class='ocrx_word' id='word_1_208' title='bbox 160 2064 264 2135; x_wconf 79' lang='lat' dir='ltr'><strong>porion.</strong></span> <span class='ocrx_word' id='word_1_209' title='bbox 354 2104 377 2111; x_wconf 75' lang='lat'><strong>·.</strong></span> <span class='ocrx_word' id='word_1_210' title='bbox 860 2096 862 2100; x_wconf 94' lang='lat'>·</span> <span class='ocrx_word' id='word_1_211' title='bbox 1081 2090 1083 2097; x_wconf 39' lang='lat' dir='ltr'>v</span> 
     </span>
    </p>

    <p class='ocr_par' dir='ltr' id='par_1_7' title="bbox 72 2138 1277 2439">
     <span class='ocr_line' id='line_1_23' title="bbox 113 2138 1229 2225; baseline 0.005 -28"><span class='ocrx_word' id='word_1_212' title='bbox 113 2140 224 2219; x_wconf 82' lang='lat' dir='ltr'><strong>Magi,</strong></span> <span class='ocrx_word' id='word_1_213' title='bbox 245 2163 293 2203; x_wconf 88' lang='lat' dir='ltr'><strong>seu</strong></span> <span class='ocrx_word' id='word_1_214' title='bbox 313 2159 403 2203; x_wconf 88' lang='lat' dir='ltr'><strong>artem</strong></span> <span class='ocrx_word' id='word_1_215' title='bbox 425 2145 565 2225; x_wconf 75' lang='lat' dir='ltr'><strong>magicam</strong></span> <span class='ocrx_word' id='word_1_216' title='bbox 586 2158 770 2207; x_wconf 76' lang='lat' dir='ltr'><strong>exercentes,</strong></span> <span class='ocrx_word' id='word_1_217' title='bbox 789 2145 863 2206; x_wconf 79' lang='lat' dir='ltr'><strong>8.C.</strong></span> <span class='ocrx_word' id='word_1_218' title='bbox 878 2142 931 2205; x_wconf 85' lang='lat' dir='ltr'><strong>tub</strong></span> <span class='ocrx_word' id='word_1_219' title='bbox 950 2140 1072 2203; x_wconf 86' lang='lat' dir='ltr'><strong>Tiberio</strong></span> <span class='ocrx_word' id='word_1_220' title='bbox 1093 2138 1171 2202; x_wconf 83' lang='lat' dir='ltr'><strong>fuere</strong></span> <span class='ocrx_word' id='word_1_221' title='bbox 1193 2142 1229 2203; x_wconf 88' lang='lat' dir='ltr'><strong>ab</strong></span> 
     </span>
     <span class='ocr_line' id='line_1_24' title="bbox 73 2220 1252 2304; baseline 0.004 -26"><span class='ocrx_word' id='word_1_222' title='bbox 73 2220 158 2281; x_wconf 84' lang='lat' dir='ltr'><strong>italia</strong></span> <span class='ocrx_word' id='word_1_223' title='bbox 187 2224 298 2303; x_wconf 81' lang='lat' dir='ltr'><strong>expulsi</strong></span> <span class='ocrx_word' id='word_1_224' title='bbox 318 2241 385 2283; x_wconf 86' lang='lat' dir='ltr'><strong>tum</strong></span> <span class='ocrx_word' id='word_1_225' title='bbox 407 2226 647 2291; x_wconf 88' lang='lat' dir='ltr'><strong>Mathematicis‚</strong></span> <span class='ocrx_word' id='word_1_226' title='bbox 667 2246 717 2284; x_wconf 88' lang='lat' dir='ltr'><strong>seu</strong></span> <span class='ocrx_word' id='word_1_227' title='bbox 737 2224 855 2283; x_wconf 79' lang='lat' dir='ltr'><strong>Astrolo</strong></span> <span class='ocrx_word' id='word_1_228' title='bbox 876 2227 901 2285; x_wconf 89' lang='lat' dir='ltr'><strong>is</strong></span> <span class='ocrx_word' id='word_1_229' title='bbox 923 2268 931 2293; x_wconf 87' lang='lat'>,</span> <span class='ocrx_word' id='word_1_230' title='bbox 951 2224 1003 2304; x_wconf 84' lang='lat' dir='ltr'><strong>qui</strong></span> <span class='ocrx_word' id='word_1_231' title='bbox 1024 2234 1059 2282; x_wconf 79' lang='lat' dir='ltr'><strong>ex</strong></span> <span class='ocrx_word' id='word_1_232' title='bbox 1078 2222 1252 2283; x_wconf 69' lang='lat' dir='ltr'><strong>stellarum*-</strong></span> 
     </span>
     <span class='ocr_line' id='line_1_25' title="bbox 72 2247 1277 2439; baseline 0.003 -80"><span class='ocrx_word' id='word_1_233' title='bbox 72 2305 177 2439; x_wconf 78' lang='lat' dir='ltr'><strong>ppsittl</strong></span> <span class='ocrx_word' id='word_1_234' title='bbox 194 2322 331 2363; x_wconf 85' lang='lat' dir='ltr'><strong>eventura</strong></span> <span class='ocrx_word' id='word_1_235' title='bbox 352 2306 572 2384; x_wconf 79' lang='lat' dir='ltr'><strong>praedicebant.</strong></span> <span class='ocrx_word' id='word_1_236' title='bbox 594 2308 639 2364; x_wconf 89' lang='lat' dir='ltr'><strong>Ita</strong></span> <span class='ocrx_word' id='word_1_237' title='bbox 660 2308 729 2367; x_wconf 83' lang='lat' dir='ltr'><strong>Tac.</strong></span> <span class='ocrx_word' id='word_1_238' title='bbox 740 2306 788 2365; x_wconf 83' lang='lat' dir='ltr'><strong>lib.</strong></span> <span class='ocrx_word' id='word_1_239' title='bbox 800 2324 829 2364; x_wconf 81' lang='lat' dir='ltr'><strong>a.</strong></span> <span class='ocrx_word' id='word_1_240' title='bbox 841 2247 948 2363; x_wconf 61' lang='lat' dir='ltr'><strong>dunel.</strong></span> <span class='ocrx_word' id='word_1_241' title='bbox 964 2305 1048 2363; x_wconf 83' lang='lat' dir='ltr'><strong>Plura</strong></span> <span class='ocrx_word' id='word_1_242' title='bbox 1068 2303 1104 2362; x_wconf 90' lang='lat' dir='ltr'><strong>de</strong></span> <span class='ocrx_word' id='word_1_243' title='bbox 1120 2304 1230 2363; x_wconf 82' lang='lat' dir='ltr'><strong>artubus</strong></span> <span class='ocrx_word' id='word_1_244' title='bbox 1271 2313 1277 2316; x_wconf 75' lang='grc'><strong>“</strong></span> 
     </span>
    </p>

    <p class='ocr_par' dir='ltr' id='par_1_8' title="bbox 71 2382 1235 2702">
     <span class='ocr_line' id='line_1_26' title="bbox 96 2382 1233 2467; baseline 0.002 -26"><span class='ocrx_word' id='word_1_245' title='bbox 96 2382 152 2441; x_wconf 82' lang='lat' dir='ltr'><strong>&#39;ace</strong></span> <span class='ocrx_word' id='word_1_246' title='bbox 174 2384 310 2465; x_wconf 83' lang='lat' dir='ltr'><strong>antiquos</strong></span> <span class='ocrx_word' id='word_1_247' title='bbox 331 2386 574 2466; x_wconf 76' lang='lat' dir='ltr'><strong>Romamipsisse</strong></span> <span class='ocrx_word' id='word_1_248' title='bbox 594 2389 779 2467; x_wconf 82' lang='lat' dir='ltr'><strong>puto,.qnae</strong></span> <span class='ocrx_word' id='word_1_249' title='bbox 799 2387 966 2467; x_wconf 86' lang='lat' dir='ltr'><strong>perierunt.</strong></span> <span class='ocrx_word' id='word_1_250' title='bbox 989 2384 1067 2443; x_wconf 87' lang='lat' dir='ltr'><strong>Vide</strong></span> <span class='ocrx_word' id='word_1_251' title='bbox 1087 2382 1168 2463; x_wconf 89' lang='lat' dir='ltr'><strong>plura</strong></span> <span class='ocrx_word' id='word_1_252' title='bbox 1196 2383 1233 2443; x_wconf 92' lang='lat' dir='ltr'><strong>de</strong></span> 
     </span>
     <span class='ocr_line' id='line_1_27' title="bbox 71 2460 1235 2549; baseline 0.002 -26"><span class='ocrx_word' id='word_1_253' title='bbox 71 2460 200 2539; x_wconf 71' lang='lat' dir='ltr'><strong>Magia,</strong></span> <span class='ocrx_word' id='word_1_254' title='bbox 222 2482 252 2523; x_wconf 86' lang='lat' dir='ltr'><strong>et</strong></span> <span class='ocrx_word' id='word_1_255' title='bbox 272 2463 376 2542; x_wconf 83' lang='lat' dir='ltr'><strong>Magis</strong></span> <span class='ocrx_word' id='word_1_256' title='bbox 392 2468 469 2545; x_wconf 79' lang='lat' dir='ltr'><strong>apud</strong></span> <span class='ocrx_word' id='word_1_257' title='bbox 489 2464 616 2549; x_wconf 75' lang='lat' dir='ltr'><strong>Rhodig.</strong></span> <span class='ocrx_word' id='word_1_258' title='bbox 628 2468 650 2524; x_wconf 90' lang='lat' dir='ltr'><strong>l.</strong></span> <span class='ocrx_word' id='word_1_259' title='bbox 665 2487 691 2536; x_wconf 81' lang='lat'><strong>9.</strong></span> <span class='ocrx_word' id='word_1_260' title='bbox 703 2467 765 2525; x_wconf 84' lang='lat' dir='ltr'><strong>lect.</strong></span> <span class='ocrx_word' id='word_1_261' title='bbox 785 2466 872 2542; x_wconf 80' lang='lat' dir='ltr'><strong>antip.</strong></span> <span class='ocrx_word' id='word_1_262' title='bbox 886 2485 909 2523; x_wconf 87' lang='lat' dir='ltr'><strong>s.</strong></span> <span class='ocrx_word' id='word_1_263' title='bbox 924 2484 972 2534; x_wconf 73' lang='lat' dir='ltr'><strong>aa.</strong></span> <span class='ocrx_word' id='word_1_264' title='bbox 995 2466 1153 2525; x_wconf 86' lang='lat' dir='ltr'><strong>Foemrnae</strong></span> <span class='ocrx_word' id='word_1_265' title='bbox 1174 2484 1235 2525; x_wconf 84' lang='lat' dir='ltr'><strong>ma·</strong></span> 
     </span>
     <span class='ocr_line' id='line_1_28' title="bbox 72 2543 1232 2702; baseline 0.003 -102"><span class='ocrx_word' id='word_1_266' title='bbox 72 2543 148 2682; x_wconf 50' lang='lat' dir='ltr'><strong>pppis</strong></span> <span class='ocrx_word' id='word_1_267' title='bbox 169 2544 279 2683; x_wconf 45' lang='lat' dir='ltr'><strong>pratibus</strong></span> <span class='ocrx_word' id='word_1_268' title='bbox 299 2545 541 2702; x_wconf 51' lang='lat' dir='ltr'><strong>rppdlpaeliprapii</strong></span> <span class='ocrx_word' id='word_1_269' title='bbox 561 2566 632 2692; x_wconf 50' lang='lat' dir='ltr'><strong>peno</strong></span> <span class='ocrx_word' id='word_1_270' title='bbox 651 2548 764 2640; x_wconf 70' lang='lat' dir='ltr'><strong>iiomae</strong></span> <span class='ocrx_word' id='word_1_271' title='bbox 784 2543 1088 2684; x_wconf 50' lang='lat' dir='ltr'><strong>fiberuptCanidiimet</strong></span> <span class='ocrx_word' id='word_1_272' title='bbox 1107 2548 1168 2621; x_wconf 76' lang='lat' dir='ltr'><strong>eius</strong></span> <span class='ocrx_word' id='word_1_273' title='bbox 1188 2564 1232 2604; x_wconf 84' lang='lat' dir='ltr'><strong>so·</strong></span> 
     </span>
    </p>

    <p class='ocr_par' dir='ltr' id='par_1_9' title="bbox 69 2642 1260 3245">
     <span class='ocr_line' id='line_1_29' title="bbox 120 2642 1234 2695; baseline 0.002 -13"><span class='ocrx_word' id='word_1_274' title='bbox 120 2642 151 2682; x_wconf 87' lang='lat' dir='ltr'><strong>es</strong></span> <span class='ocrx_word' id='word_1_275' title='bbox 224 2642 278 2683; x_wconf 89' lang='lat' dir='ltr'><strong>ana</strong></span> <span class='ocrx_word' id='word_1_276' title='bbox 331 2647 347 2684; x_wconf 93' lang='lat' dir='ltr'><strong>e</strong></span> <span class='ocrx_word' id='word_1_277' title='bbox 387 2643 438 2695; x_wconf 88' lang='lat' dir='ltr'><strong>‚ct</strong></span> <span class='ocrx_word' id='word_1_278' title='bbox 482 2647 540 2685; x_wconf 88' lang='lat' dir='ltr'><strong>ora</strong></span> <span class='ocrx_word' id='word_1_279' title='bbox 589 2646 778 2687; x_wconf 84' lang='lat' dir='ltr'><strong>ramrnensrs.</strong></span> <span class='ocrx_word' id='word_1_280' title='bbox 830 2645 847 2684; x_wconf 95' lang='lat' dir='ltr'><strong>e</strong></span> <span class='ocrx_word' id='word_1_281' title='bbox 890 2646 916 2685; x_wconf 86' lang='lat' dir='ltr'><strong>rs</strong></span> <span class='ocrx_word' id='word_1_282' title='bbox 935 2645 967 2685; x_wconf 87' lang='lat' dir='ltr'><strong>ac</strong></span> <span class='ocrx_word' id='word_1_283' title='bbox 1017 2644 1031 2683; x_wconf 93' lang='lat' dir='ltr'><strong>e</strong></span> <span class='ocrx_word' id='word_1_284' title='bbox 1059 2643 1156 2683; x_wconf 83' lang='lat' dir='ltr'><strong>earum</strong></span> <span class='ocrx_word' id='word_1_285' title='bbox 1187 2644 1234 2684; x_wconf 85' lang='lat' dir='ltr'><strong>te·</strong></span> 
     </span>
     <span class='ocr_line' id='line_1_30' title="bbox 71 2644 1253 2787; baseline -0.003 -24"><span class='ocrx_word' id='word_1_286' title='bbox 71 2644 265 2773; x_wconf 60' lang='lat' dir='ltr'><strong>neficiimget·</strong></span> <span class='ocrx_word' id='word_1_287' title='bbox 277 2666 398 2787; x_wconf 74' lang='lat' dir='ltr'><strong>inagicis</strong></span> <span class='ocrx_word' id='word_1_288' title='bbox 416 2706 614 2771; x_wconf 75' lang='lat' dir='ltr'><strong>carminibus:</strong></span> <span class='ocrx_word' id='word_1_289' title='bbox 635 2708 713 2765; x_wconf 90' lang='lat' dir='ltr'><strong>Vide</strong></span> <span class='ocrx_word' id='word_1_290' title='bbox 740 2710 811 2765; x_wconf 84' lang='lat' dir='ltr'><strong>Hor.</strong></span> <span class='ocrx_word' id='word_1_291' title='bbox 833 2705 896 2764; x_wconf 80' lang='lat' dir='ltr'><strong>Ode</strong></span> <span class='ocrx_word' id='word_1_292' title='bbox 916 2726 943 2767; x_wconf 87' lang='lat' dir='ltr'><strong>s.</strong></span> <span class='ocrx_word' id='word_1_293' title='bbox 963 2706 1027 2763; x_wconf 82' lang='lat' dir='ltr'><strong>libri</strong></span> <span class='ocrx_word' id='word_1_294' title='bbox 1043 2703 1182 2777; x_wconf 59' lang='lat' dir='ltr'><strong>&#39;amaon</strong></span> <span class='ocrx_word' id='word_1_295' title='bbox 1201 2718 1230 2762; x_wconf 82' lang='lat' dir='ltr'><strong>et</strong></span> <span class='ocrx_word' id='word_1_296' title='bbox 1251 2756 1253 2760; x_wconf 89' lang='lat'><em>.</em></span> 
     </span>
     <span class='ocr_line' id='line_1_31' title="bbox 72 2781 1230 2855; baseline 0 -16"><span class='ocrx_word' id='word_1_297' title='bbox 72 2781 133 2843; x_wconf 87' lang='lat' dir='ltr'><strong>Sat.</strong></span> <span class='ocrx_word' id='word_1_298' title='bbox 147 2795 178 2841; x_wconf 72' lang='grc'><strong>1.</strong></span> <span class='ocrx_word' id='word_1_299' title='bbox 199 2784 469 2855; x_wconf 75' lang='lat' dir='ltr'><strong>lis.1.,acrarbo</strong></span> <span class='ocrx_word' id='word_1_300' title='bbox 491 2787 607 2845; x_wconf 78' lang='lat' dir='ltr'><strong>Canidia</strong></span> <span class='ocrx_word' id='word_1_301' title='bbox 626 2788 660 2846; x_wconf 87' lang='lat' dir='ltr'><strong>in</strong></span> <span class='ocrx_word' id='word_1_302' title='bbox 683 2788 714 2845; x_wconf 83' lang='lat' dir='ltr'><strong>C.</strong></span> <span class='ocrx_word' id='word_1_303' title='bbox 736 2786 813 2846; x_wconf 86' lang='lat' dir='ltr'><strong>Plut.</strong></span> <span class='ocrx_word' id='word_1_304' title='bbox 837 2786 872 2845; x_wconf 90' lang='lat' dir='ltr'><strong>in</strong></span> <span class='ocrx_word' id='word_1_305' title='bbox 892 2783 966 2844; x_wconf 88' lang='lat' dir='ltr'><strong>libro</strong></span> <span class='ocrx_word' id='word_1_306' title='bbox 987 2785 1023 2843; x_wconf 90' lang='lat' dir='ltr'><strong>de</strong></span> <span class='ocrx_word' id='word_1_307' title='bbox 1045 2783 1230 2843; x_wconf 86' lang='lat' dir='ltr'><strong>Oracnloruna</strong></span> 
     </span>
     <span class='ocr_line' id='line_1_32' title="bbox 69 2861 1238 2949; baseline 0.002 -30"><span class='ocrx_word' id='word_1_308' title='bbox 69 2861 188 2940; x_wconf 71' lang='lat' dir='ltr'><strong>defectu</strong></span> <span class='ocrx_word' id='word_1_309' title='bbox 209 2864 314 2934; x_wconf 85' lang='lat' dir='ltr'><strong>tradit,</strong></span> <span class='ocrx_word' id='word_1_310' title='bbox 335 2862 479 2927; x_wconf 82' lang='lat' dir='ltr'><strong>foeminas</strong></span> <span class='ocrx_word' id='word_1_311' title='bbox 491 2868 675 2949; x_wconf 83' lang='lat' dir='ltr'><strong>Astrologiae</strong></span> <span class='ocrx_word' id='word_1_312' title='bbox 686 2864 958 2947; x_wconf 86' lang='lat' dir='ltr'><strong>peritas,eclipseos</strong></span> <span class='ocrx_word' id='word_1_313' title='bbox 979 2864 1063 2923; x_wconf 88' lang='lat' dir='ltr'><strong>lunae</strong></span> <span class='ocrx_word' id='word_1_314' title='bbox 1084 2864 1238 2942; x_wconf 83' lang='lat' dir='ltr'><strong>praescias,</strong></span> 
     </span>
     <span class='ocr_line' id='line_1_33' title="bbox 77 2940 1239 3028; baseline 0 -25"><span class='ocrx_word' id='word_1_315' title='bbox 77 2942 218 3013; x_wconf 85' lang='lat' dir='ltr'><strong>finxisse,</strong></span> <span class='ocrx_word' id='word_1_316' title='bbox 239 2964 269 3005; x_wconf 85' lang='lat' dir='ltr'><strong>ae</strong></span> <span class='ocrx_word' id='word_1_317' title='bbox 288 2948 409 3028; x_wconf 78' lang='lat' dir='ltr'><strong>magicis</strong></span> <span class='ocrx_word' id='word_1_318' title='bbox 428 2946 605 3006; x_wconf 88' lang='lat' dir='ltr'><strong>carminibus</strong></span> <span class='ocrx_word' id='word_1_319' title='bbox 625 2966 708 3027; x_wconf 75' lang='grc' dir='ltr'><em>Ροεεο</em></span> <span class='ocrx_word' id='word_1_320' title='bbox 724 2946 826 3006; x_wconf 88' lang='lat' dir='ltr'><strong>lunam</strong></span> <span class='ocrx_word' id='word_1_321' title='bbox 848 2944 950 3005; x_wconf 89' lang='lat' dir='ltr'><strong>rubore</strong></span> <span class='ocrx_word' id='word_1_322' title='bbox 972 2940 1110 3003; x_wconf 86' lang='lat' dir='ltr'><strong>suffusam</strong></span> <span class='ocrx_word' id='word_1_323' title='bbox 1132 2942 1239 3003; x_wconf 86' lang='lat' dir='ltr'><strong>ecaclo</strong></span> 
     </span>
     <span class='ocr_line' id='line_1_34' title="bbox 79 3023 1260 3111; baseline 0.002 -28"><span class='ocrx_word' id='word_1_324' title='bbox 79 3023 237 3084; x_wconf 88' lang='lat' dir='ltr'><strong>deducere:</strong></span> <span class='ocrx_word' id='word_1_325' title='bbox 257 3026 336 3105; x_wconf 88' lang='lat' dir='ltr'><strong>quod</strong></span> <span class='ocrx_word' id='word_1_326' title='bbox 355 3026 627 3111; x_wconf 73' lang='lat' dir='ltr'><strong>vulgusnredebat,</strong></span> <span class='ocrx_word' id='word_1_327' title='bbox 639 3043 668 3086; x_wconf 90' lang='lat' dir='ltr'><strong>et</strong></span> <span class='ocrx_word' id='word_1_328' title='bbox 687 3026 881 3095; x_wconf 74' lang='lat' dir='ltr'><strong>crotaloium,</strong></span> <span class='ocrx_word' id='word_1_329' title='bbox 893 3045 925 3086; x_wconf 89' lang='lat' dir='ltr'><strong>ac</strong></span> <span class='ocrx_word' id='word_1_330' title='bbox 947 3042 1152 3105; x_wconf 82' lang='lat' dir='ltr'><strong>tympanorum</strong></span> <span class='ocrx_word' id='word_1_331' title='bbox 1172 3042 1260 3085; x_wconf 56' lang='lat' dir='ltr'><strong>scaev</strong></span> 
     </span>
     <span class='ocr_line' id='line_1_35' title="bbox 78 3104 1102 3245; baseline -0.001 -81"><span class='ocrx_word' id='word_1_332' title='bbox 78 3104 167 3184; x_wconf 90' lang='lat' dir='ltr'><strong>pitu,</strong></span> <span class='ocrx_word' id='word_1_333' title='bbox 190 3105 218 3165; x_wconf 91' lang='lat' dir='ltr'><strong>ei</strong></span> <span class='ocrx_word' id='word_1_334' title='bbox 238 3125 267 3165; x_wconf 91' lang='lat' dir='ltr'><strong>se</strong></span> <span class='ocrx_word' id='word_1_335' title='bbox 287 3126 444 3168; x_wconf 73' lang='lat' dir='ltr'><strong>succurrere</strong></span> <span class='ocrx_word' id='word_1_336' title='bbox 463 3127 546 3187; x_wconf 89' lang='lat' dir='ltr'><strong>posse</strong></span> <span class='ocrx_word' id='word_1_337' title='bbox 566 3124 666 3167; x_wconf 78' lang='lat' dir='ltr'><strong>tonna</strong></span> <span class='ocrx_word' id='word_1_338' title='bbox 687 3108 812 3245; x_wconf 74' lang='lat' dir='ltr'><strong>napitas</strong></span> <span class='ocrx_word' id='word_1_339' title='bbox 830 3126 905 3169; x_wconf 87' lang='lat' dir='ltr'><strong>artes</strong></span> <span class='ocrx_word' id='word_1_340' title='bbox 924 3106 1058 3187; x_wconf 88' lang='lat' dir='ltr'><strong>putabat.</strong></span> <span class='ocrx_word' id='word_1_341' title='bbox 1098 3156 1102 3163; x_wconf 88' lang='lat'><em>.</em></span> 
     </span>
    </p>

    <p class='ocr_par' dir='ltr' id='par_1_10' title="bbox 212 3187 1055 3265">
     <span class='ocr_line' id='line_1_36' title="bbox 212 3187 1055 3265; baseline -0.001 -19"><span class='ocrx_word' id='word_1_342' title='bbox 212 3215 215 3216; x_wconf 40' lang='lat'><em>⁷</em></span> <span class='ocrx_word' id='word_1_343' title='bbox 372 3188 377 3201; x_wconf 84' lang='lat'><em>&#39;</em></span> <span class='ocrx_word' id='word_1_344' title='bbox 531 3187 716 3246; x_wconf 83' lang='lat' dir='ltr'><strong>Corollarium</strong></span> <span class='ocrx_word' id='word_1_345' title='bbox 748 3232 756 3247; x_wconf 90' lang='lat'><em>.</em></span> <span class='ocrx_word' id='word_1_346' title='bbox 908 3262 909 3265; x_wconf 7' lang='grc' dir='ltr'><strong>Ἴ</strong></span> <span class='ocrx_word' id='word_1_347' title='bbox 957 3214 971 3256; x_wconf 66' lang='lat' dir='ltr'><em>fi</em></span> <span class='ocrx_word' id='word_1_348' title='bbox 1001 3210 1004 3217; x_wconf 89' lang='lat'>·</span> <span class='ocrx_word' id='word_1_349' title='bbox 1051 3190 1055 3203; x_wconf 80' lang='grc'><em>’</em></span> 
     </span>
    </p>

    <p class='ocr_par' dir='ltr' id='par_1_11' title="bbox 68 3264 1249 3826">
     <span class='ocr_line' id='line_1_37' title="bbox 110 3264 1230 3341; baseline 0.006 -21"><span class='ocrx_word' id='word_1_350' title='bbox 110 3264 325 3341; x_wconf 78' lang='lat' dir='ltr'><strong>Magistratus,</strong></span> <span class='ocrx_word' id='word_1_351' title='bbox 344 3268 564 3327; x_wconf 87' lang='lat' dir='ltr'><strong>Romanorum.</strong></span> <span class='ocrx_word' id='word_1_352' title='bbox 585 3269 663 3329; x_wconf 85' lang='lat' dir='ltr'><strong>Vide</strong></span> <span class='ocrx_word' id='word_1_353' title='bbox 684 3268 834 3327; x_wconf 81' lang='lat' dir='ltr'><strong>Oratores:</strong></span> <span class='ocrx_word' id='word_1_354' title='bbox 845 3267 964 3328; x_wconf 85' lang='lat' dir='ltr'><strong>Comitia</strong></span> <span class='ocrx_word' id='word_1_355' title='bbox 981 3268 1016 3329; x_wconf 88' lang='lat' dir='ltr'><strong>in</strong></span> <span class='ocrx_word' id='word_1_356' title='bbox 1038 3266 1097 3327; x_wconf 90' lang='lat' dir='ltr'><strong>suis</strong></span> <span class='ocrx_word' id='word_1_357' title='bbox 1108 3266 1230 3330; x_wconf 88' lang='lat' dir='ltr'><strong>litteris.</strong></span> 
     </span>
     <span class='ocr_line' id='line_1_38' title="bbox 71 3344 1249 3431; baseline 0.003 -29"><span class='ocrx_word' id='word_1_358' title='bbox 71 3344 135 3423; x_wconf 87' lang='lat' dir='ltr'><strong>Qui</strong></span> <span class='ocrx_word' id='word_1_359' title='bbox 159 3364 217 3404; x_wconf 90' lang='lat' dir='ltr'><strong>una</strong></span> <span class='ocrx_word' id='word_1_360' title='bbox 237 3346 363 3407; x_wconf 87' lang='lat' dir='ltr'><strong>eundem</strong></span> <span class='ocrx_word' id='word_1_361' title='bbox 384 3350 587 3431; x_wconf 83' lang='lat' dir='ltr'><strong>Magistratum</strong></span> <span class='ocrx_word' id='word_1_362' title='bbox 609 3348 745 3431; x_wconf 89' lang='lat' dir='ltr'><strong>petebant</strong></span> <span class='ocrx_word' id='word_1_363' title='bbox 757 3350 954 3424; x_wconf 69' lang='lat' dir='ltr'><strong>Comperimus</strong></span> <span class='ocrx_word' id='word_1_364' title='bbox 969 3348 1249 3419; x_wconf 35' lang='lat' dir='ltr'><strong>,vocabanturuunt</strong></span> 
     </span>
     <span class='ocr_line' id='line_1_39' title="bbox 69 3425 1234 3510; baseline 0.004 -28"><span class='ocrx_word' id='word_1_365' title='bbox 69 3425 114 3483; x_wconf 85' lang='lat' dir='ltr'><strong>de·</strong></span> <span class='ocrx_word' id='word_1_366' title='bbox 127 3426 209 3483; x_wconf 89' lang='lat' dir='ltr'><strong>inter</strong></span> <span class='ocrx_word' id='word_1_367' title='bbox 228 3426 578 3499; x_wconf 76' lang='lat' dir='ltr'><strong>Romanoscanlidatas,</strong></span> <span class='ocrx_word' id='word_1_368' title='bbox 591 3430 603 3505; x_wconf 94' lang='lat'>(</span> <span class='ocrx_word' id='word_1_369' title='bbox 615 3450 673 3510; x_wconf 90' lang='lat' dir='ltr'><strong>quo</strong></span> <span class='ocrx_word' id='word_1_370' title='bbox 694 3430 817 3489; x_wconf 89' lang='lat' dir='ltr'><strong>nomine</strong></span> <span class='ocrx_word' id='word_1_371' title='bbox 837 3428 1053 3510; x_wconf 87' lang='lat' dir='ltr'><strong>appellabantur</strong></span> <span class='ocrx_word' id='word_1_372' title='bbox 1083 3430 1234 3508; x_wconf 74' lang='lat' dir='ltr'><strong>Magistra·</strong></span> 
     </span>
     <span class='ocr_line' id='line_1_40' title="bbox 68 3508 1238 3592; baseline 0.003 -30"><span class='ocrx_word' id='word_1_373' title='bbox 68 3524 116 3563; x_wconf 86' lang='lat' dir='ltr'><strong>rus</strong></span> <span class='ocrx_word' id='word_1_374' title='bbox 137 3508 278 3585; x_wconf 82' lang='lat' dir='ltr'><strong>petitores</strong></span> <span class='ocrx_word' id='word_1_375' title='bbox 298 3509 310 3584; x_wconf 93' lang='lat'>)</span> <span class='ocrx_word' id='word_1_376' title='bbox 330 3509 420 3567; x_wconf 80' lang='lat' dir='ltr'><strong>erinna</strong></span> <span class='ocrx_word' id='word_1_377' title='bbox 440 3512 552 3568; x_wconf 85' lang='lat' dir='ltr'><strong>amicos</strong></span> <span class='ocrx_word' id='word_1_378' title='bbox 570 3526 600 3568; x_wconf 89' lang='lat' dir='ltr'><strong>et</strong></span> <span class='ocrx_word' id='word_1_379' title='bbox 619 3512 853 3592; x_wconf 84' lang='lat' dir='ltr'><strong>consanguineos</strong></span> <span class='ocrx_word' id='word_1_380' title='bbox 872 3528 954 3589; x_wconf 86' lang='lat' dir='ltr'><strong>saepe</strong></span> <span class='ocrx_word' id='word_1_381' title='bbox 972 3508 1052 3567; x_wconf 84' lang='lat' dir='ltr'><strong>rixae</strong></span> <span class='ocrx_word' id='word_1_382' title='bbox 1060 3550 1071 3576; x_wconf 82' lang='grc'><strong>,,</strong></span> <span class='ocrx_word' id='word_1_383' title='bbox 1081 3523 1111 3565; x_wconf 94' lang='lat' dir='ltr'><strong>et</strong></span> <span class='ocrx_word' id='word_1_384' title='bbox 1129 3508 1238 3566; x_wconf 88' lang='lat' dir='ltr'><strong>inimi·</strong></span> 
     </span>
     <span class='ocr_line' id='line_1_41' title="bbox 69 3584 1233 3669; baseline 0.004 -27"><span class='ocrx_word' id='word_1_385' title='bbox 69 3584 160 3645; x_wconf 86' lang='lat' dir='ltr'><strong>ciriae</strong></span> <span class='ocrx_word' id='word_1_386' title='bbox 181 3586 390 3648; x_wconf 83' lang='lat' dir='ltr'><strong>nascebantur.</strong></span> <span class='ocrx_word' id='word_1_387' title='bbox 414 3589 568 3668; x_wconf 84' lang='lat' dir='ltr'><strong>Repulsam</strong></span> <span class='ocrx_word' id='word_1_388' title='bbox 590 3609 687 3669; x_wconf 85' lang='lat' dir='ltr'><strong>passus</strong></span> <span class='ocrx_word' id='word_1_389' title='bbox 706 3608 770 3666; x_wconf 85' lang='lat' dir='ltr'><strong>nou</strong></span> <span class='ocrx_word' id='word_1_390' title='bbox 789 3589 879 3649; x_wconf 86' lang='lat' dir='ltr'><strong>semel</strong></span> <span class='ocrx_word' id='word_1_391' title='bbox 898 3589 1123 3669; x_wconf 84' lang='lat' dir='ltr'><strong>competitorem</strong></span> <span class='ocrx_word' id='word_1_392' title='bbox 1145 3606 1233 3647; x_wconf 79' lang='lat' dir='ltr'><strong>suum</strong></span> 
     </span>
     <span class='ocr_line' id='line_1_42' title="bbox 68 3664 1237 3806; baseline 0.002 -82"><span class='ocrx_word' id='word_1_393' title='bbox 68 3664 219 3725; x_wconf 85' lang='lat' dir='ltr'><strong>accusabat</strong></span> <span class='ocrx_word' id='word_1_394' title='bbox 239 3664 391 3739; x_wconf 83' lang='lat' dir='ltr'><strong>ambitus,</strong></span> <span class='ocrx_word' id='word_1_395' title='bbox 409 3687 476 3729; x_wconf 88' lang='lat' dir='ltr'><strong>cum</strong></span> <span class='ocrx_word' id='word_1_396' title='bbox 498 3688 603 3750; x_wconf 87' lang='lat' dir='ltr'><strong>nempe</strong></span> <span class='ocrx_word' id='word_1_397' title='bbox 623 3672 747 3749; x_wconf 87' lang='lat' dir='ltr'><strong>pecunia</strong></span> <span class='ocrx_word' id='word_1_398' title='bbox 760 3675 772 3739; x_wconf 83' lang='lat'><strong>,&#39;</strong></span> <span class='ocrx_word' id='word_1_399' title='bbox 792 3668 940 3729; x_wconf 81' lang='lat' dir='ltr'><strong>valdonis</strong></span> <span class='ocrx_word' id='word_1_400' title='bbox 960 3664 1156 3806; x_wconf 63' lang='lat' dir='ltr'><strong>suffiapatores</strong></span> <span class='ocrx_word' id='word_1_401' title='bbox 1176 3678 1237 3726; x_wconf 88' lang='lat' dir='ltr'><strong>cor·</strong></span> 
     </span>
     <span class='ocr_line' id='line_1_43' title="bbox 71 3745 1242 3826; baseline 0.003 -24"><span class='ocrx_word' id='word_1_402' title='bbox 71 3760 211 3823; x_wconf 87' lang='lat' dir='ltr'><strong>ruperat.</strong></span> <span class='ocrx_word' id='word_1_403' title='bbox 230 3746 322 3807; x_wconf 85' lang='lat' dir='ltr'><strong>Multi</strong></span> <span class='ocrx_word' id='word_1_404' title='bbox 350 3768 386 3808; x_wconf 87' lang='lat' dir='ltr'><strong>ex</strong></span> <span class='ocrx_word' id='word_1_405' title='bbox 405 3748 606 3809; x_wconf 86' lang='lat' dir='ltr'><strong>Summatibus</strong></span> <span class='ocrx_word' id='word_1_406' title='bbox 628 3750 850 3817; x_wconf 85' lang='lat' dir='ltr'><strong>Romanorum,</strong></span> <span class='ocrx_word' id='word_1_407' title='bbox 872 3750 913 3809; x_wconf 90' lang='lat' dir='ltr'><strong>in·</strong></span> <span class='ocrx_word' id='word_1_408' title='bbox 927 3748 1028 3813; x_wconf 81' lang='lat' dir='ltr'><strong>libera</strong></span> <span class='ocrx_word' id='word_1_409' title='bbox 1074 3745 1157 3826; x_wconf 89' lang='lat' dir='ltr'><strong>epub.</strong></span> <span class='ocrx_word' id='word_1_410' title='bbox 1178 3791 1186 3816; x_wconf 88' lang='lat'>,</span> <span class='ocrx_word' id='word_1_411' title='bbox 1208 3762 1242 3807; x_wconf 90' lang='lat' dir='ltr'><strong>ut</strong></span> 
     </span>
    </p>
   </div>
   <div class='ocr_carea' id='block_1_2' title="bbox 76 3823 1339 3911">
    <p class='ocr_par' dir='ltr' id='par_1_12' title="bbox 76 3823 1339 3911">
     <span class='ocr_line' id='line_1_44' title="bbox 76 3823 1339 3911; baseline 0.001 -28"><span class='ocrx_word' id='word_1_412' title='bbox 76 3826 267 3907; x_wconf 84' lang='lat' dir='ltr'><strong>Magistratus</strong></span> <span class='ocrx_word' id='word_1_413' title='bbox 286 3846 303 3886; x_wconf 90' lang='lat' dir='ltr'><strong>a</strong></span> <span class='ocrx_word' id='word_1_414' title='bbox 322 3829 726 3911; x_wconf 85' lang='lat' dir='ltr'><strong>populo··impctrarent.-·po&#39;</strong></span> <span class='ocrx_word' id='word_1_415' title='bbox 758 3828 828 3890; x_wconf 85' lang='lat' dir='ltr'><strong>lares</strong></span> <span class='ocrx_word' id='word_1_416' title='bbox 851 3826 972 3899; x_wconf 85' lang='lat' dir='ltr'><strong>fiebant,</strong></span> <span class='ocrx_word' id='word_1_417' title='bbox 994 3823 1179 3897; x_wconf 84' lang='lat' dir='ltr'><strong>affectantes,</strong></span> <span class='ocrx_word' id='word_1_418' title='bbox 1201 3827 1238 3887; x_wconf 70' lang='lat' dir='ltr'><strong>si·</strong></span> <span class='ocrx_word' id='word_1_419' title='bbox 1334 3871 1339 3875; x_wconf 82' lang='lat'>.</span> 
     </span>
    </p>
   </div>
   <div class='ocr_carea' id='block_1_3' title="bbox 22 3900 1257 4050">
    <p class='ocr_par' dir='ltr' id='par_1_13' title="bbox 22 3900 1257 4050">
     <span class='ocr_line' id='line_1_45' title="bbox 22 3900 1257 3995; baseline 0.006 -32"><span class='ocrx_word' id='word_1_420' title='bbox 22 3924 25 3929; x_wconf 94' lang='lat'>·</span> <span class='ocrx_word' id='word_1_421' title='bbox 69 3903 101 3963; x_wconf 86' lang='lat' dir='ltr'><strong>bi</strong></span> <span class='ocrx_word' id='word_1_422' title='bbox 121 3925 179 3965; x_wconf 84' lang='lat' dir='ltr'><strong>ret</strong></span> <span class='ocrx_word' id='word_1_423' title='bbox 199 3906 292 3988; x_wconf 85' lang='lat' dir='ltr'><strong>plebis</strong></span> <span class='ocrx_word' id='word_1_424' title='bbox 310 3911 394 3971; x_wconf 85' lang='lat' dir='ltr'><strong>cordi</strong></span> <span class='ocrx_word' id='word_1_425' title='bbox 412 3928 496 3977; x_wconf 83' lang='lat' dir='ltr'><strong>esse.</strong></span> <span class='ocrx_word' id='word_1_426' title='bbox 513 3926 545 3970; x_wconf 88' lang='lat' dir='ltr'><strong>et</strong></span> <span class='ocrx_word' id='word_1_427' title='bbox 564 3909 809 3995; x_wconf 82' lang='lat' dir='ltr'><strong>paramspebear</strong></span> <span class='ocrx_word' id='word_1_428' title='bbox 829 3900 986 3974; x_wconf 79' lang='lat' dir='ltr'><strong>defendere</strong></span> <span class='ocrx_word' id='word_1_429' title='bbox 1014 3910 1115 3969; x_wconf 79' lang='lat' dir='ltr'><strong>tantm</strong></span> <span class='ocrx_word' id='word_1_430' title='bbox 1138 3915 1257 3990; x_wconf 57' lang='lat' dir='ltr'><strong>potens</strong></span> 
     </span>
     <span class='ocr_line' id='line_1_46' title="bbox 286 4008 1078 4050; baseline 0.008 -6"><span class='ocrx_word' id='word_1_431' title='bbox 286 4014 295 4021; x_wconf 85' lang='lat'><em>-</em></span> <span class='ocrx_word' id='word_1_432' title='bbox 1018 4008 1038 4047; x_wconf 91' lang='lat' dir='ltr'><strong>a</strong></span> <span class='ocrx_word' id='word_1_433' title='bbox 1060 4010 1078 4050; x_wconf 82' lang='lat' dir='ltr'><strong>t</strong></span> 
     </span>
    </p>
   </div>
   <div class='ocr_carea' id='block_1_4' title="bbox 0 0 1664 4817">
    <p class='ocr_par' dir='ltr' id='par_1_14' title="bbox 0 0 1664 4817">
     <span class='ocr_line' id='line_1_47' title="bbox 0 0 1664 4817; baseline 0 5"><span class='ocrx_word' id='word_1_434' title='bbox 0 0 1664 4817; x_wconf 95' lang='lat' dir='ltr'><strong> </strong></span> 
     </span>
    </p>
   </div>
  </div>
 </body>
</html>
