3317 4817
513 411 524 426 .
652 353 731 418 HO‘
896 423 898 428 ,
1044 375 1046 380 ·
1135 367 1171 425 ts

84 438 181 505 brachi
200 437 294 520 Epist.
313 435 363 500 iil.
377 437 429 502 ult.
450 435 487 500 In'
502 431 700 514 inseriptiorre,
713 428 877 497 Claudiano
888 437 1002 508 Poetae,
1024 449 1039 498 a
1052 439 1164 502 'Senatu
1175 383 1235 500 ilo·
1267 483 1286 509 s

82 542 147 586 mae
166 526 322 606 posita,et
339 521 462 599 intenta
481 520 516 579 in
536 518 631 600 parvis
651 517 770 578 aedibus
790 536 879 598 prope
899 516 1235 590 thermasConttanrini,

84 605 290 670 Honorius,et
311 601 453 662 Arcadius
472 596 579 666 fratres,
593 615 663 659 tunc
684 599 876 680 imperantes,
898 603 1053 669 tenuere,
1074 621 1123 660 seu
1142 619 1236 666 assen-
1297 605 1303 618 ·

82 686 209 766 ⁴tatorie,
229 683 416 748 Felicissimi,
435 698 465 741 et
486 679 653 744 Docrissimi
673 677 855 754 Imperatores
875 678 1054 759 appellantur
1074 723 1080 738 .
1102 681 1236 758 Claudia·

81 777 135 824 nus
157 765 193 823 in
213 763 477 840 Panegyrieis‘suis
497 759 598 834 multa]
608 758 719 819 cecinit
738 761 771 816 in
783 757 903 838 Houorii
923 759 1052 819 la'ud'em.
1074 761 1182 819 Verum
1196 759 1233 822 ab

82 846 241 906 Historicis
255 862 399 924 tanquam
411 841 495 904 talde
514 843 592 909 iners
613 840 747 901 nbtatur.
759 841 803 898 Eo
822 838 986 920 imperante
1007 856 1105 919 capta,
1117 856 1146 899 et
1157 859 1233 920 prae·
1248 883 1249 886 ,

76 925 147 985 'data
168 927 265 985 Roma
286 945 302 984 a
322 921 432 983 Gothis
452 919 520 994 fuit,
533 919 604 983 duce¹
625 921 757 990 Alarico,
779 936 844 979 astu
864 922 972 1002 magis,
987 925 1072 1000 quam
1096 919 1143 988 ii,
1164 928 1233 980 eum

76 1005 226 1065 'Honorius
247 1007 404 1084 Ravennae
424 1021 504 1065 'esset
525 1021 625 1085 prtum
645 1000 1036 1086 deimminente'petieulo
1064 999 1231 1081 sollicitus,

81 1085 244 1168 Procopius
262 1096 360 1145 namet
380 1103 473 1157 astum
488 1082 680 1144 Gothorum.
700 1084 810 1143 Verum
920 1082 926 1098 ¹
1052 1085 1056 1094 '
1097 1091 1120 1102 ·’

245 1165 361 1244 Dolus,
374 1186 411 1224 art
429 1159 530 1232 uirtus,
549 1163 612 1242 puis
630 1165 659 1222 irt
679 1161 911 1242 ltosterequirat!
1000 1167 1026 1172 ”
1202 1229 1204 1237 ,

82 1246 206 1307 Obiisse
218 1246 327 1306 dicitur
346 1245 489 1304 Honorius
509 1243 666 1307 Raiennae
684 1264 732 1313 an.
752 1243 865 1308 Christi
886 1239 971 1322 tiit,
983 1246 1099 1314 aetatis¹
1109 1252 1165 1324 ξι,
1201 1251 1210 1323 'j

119 1322 301 1404 Horopollo,
323 1328 457 1404 Gramm.v
475 1329 539 1412 Aeg
554 1320 638 1408 ‚pinu
669 1325 721 1386 sub
732 1323 854 1386 Theod.
876 1321 941 1395 M..
969 1327 1045 1399 milli
1075 1347 1110 1386 ex
1122 1319 1233 1390 'Gram-

81 1408 202 1486 maticis
223 1407 373 1488 doetrinae
394 1409 484 1490 gloria
504 1346 647 1487 inierim.
669 1409 715 1468 lta
735 1407 815 1468 caet·
832 1403 961 1494 Rhodig.
982 1408 1004 1466 l.
1027 1404 1074 1477 t‘3.
1091 1409 1163 1484 ἐστι.
1184 1411 1233 1465 arti

81 1491 130 1566 riq.
155 1509 179 1546 e.
204 1488 250 1547 162
271 1488 360 1548 Unde
379 1489 413 1548 id
432 1486 593 1570 acceperit?
613 1508 675 1548 non
695 1489 789 1550 dicit.
818 1490 823 1502 ¹
857 1497 875 1535 “-
1029 1489 1035 1502 ’
1070 1483 1112 1508 ”’

120 1569 264 1627 Horatius
284 1569 373 1648 (Q).
394 1571 463 1650 Ejus
482 1564 647 1654 cognomen
667 1587 727 1630 erat
747 1567 894 1636 Fliceust
915 1565 1013 1632 teritm
1034 1569 1087 1631 'sub
1107 1589 1160 1630 tuo
1177 1586 1232 1627 no·

84 1649 169 1709 mine
190 1666 234 1708 est
257 1651 350 1732 magis
372 1667 480 1720 notus,
503 1651 594 1730 patria
615 1653 799 1720 Venusinus,
821 1668 907 1715 natus
926 1669 995 1712 ante
1015 1649 1165 1716 christum
1187 1666 1234 1707 an.

89 1739 137 1802 65.
162 1729 200 1786 V.
214 1730 248 1790 C.
270 1739 342 1801 ⁶89·''
358 1731 429 1790 Fuit
448 1731 576 1814 insignis
595 1730 685 1792 Poeta
704 1732 867 1810 satyricus,
889 1749 919 1792 et
939 1731 1178 1811 primusbyricus
1191 1730 1241 1786 La-

84 1812 185 1875 tinus,
199 1811 325 1892 Augusti
346 1828 416 1870 aevo
429 1856 437 1878 ,
449 1813 518 1881 eui,
540 1828 572 1871 ut
593 1812 682 1871 etiam
703 1811 879 1874 Meroenati,
892 1811 974 1870 valde
994 1829 1073 1872 carus
1093 1806 1166 1868 fuit.
1188 1807 1240 1864 Vi·

80 1889 121 1948 'de
143 1887 300 1947 Meeoeuas
318 1891 354 1949 in
375 1889 418 1948 M
421 1942 427 1952 .
449 1893 520 1967 Ejus
535 1892 658 1952 'Portica
678 1891 744 1948 00.
765 1911 830 1951 cum
853 1889 953 1970 plausu
974 1891 1107 1974 leguntur
1127 1931 1135 1946 .
1155 1887 1242 1967 Siqua

86 1969 187 2027 soluto
209 1969 410 2039 sermedtdit,
422 1971 514 2037 desid.
536 1966 624 2032 Obiit
645 1971 757 2051 eodem,
769 1992 828 2053 quo
841 1975 994 2032 mecoenas
1014 1989 1060 2042 an.
1073 1972 1110 2029 V.
1118 1970 1152 2028 C.
1166 1975 1244 2038 746»

86 2049 139 2108 sed
161 2053 437 2110 anteMecoenatem
459 2052 609 2112 iriensibus
629 2053 758 2132 aliquot:
773 2069 842 2111 sunt
861 2047 943 2113 enim
965 2055 1060 2120 versus
1075 2048 1168 2129 aliqui
1182 2049 1245 2106 Me·

82 2131 238 2198 coenatis,
259 2135 328 2208 ejus¹
349 2147 484 2208 mortem
503 2132 681 2213 'deplorantis
709 2133 787 2213 apud
813 2135 839 2192 S.
862 2131 1007 2192 Isidorum
1028 2131 1049 2187 l.
1075 2151 1119 2202 ιφ.
1142 2128 1246 2204 Οιὶ3.,

81 2210 134 2290 qui
157 2226 258 2268 tamen
278 2231 377 2293 parum
399 2212 548 2272 emendati
567 2212 630 2276 illic
649 2213 804 2296 leguntur.
825 2215 882 2272 Eos
896 2211 1086 2272 emendarunt
1099 2209 1247 2290 Altiatut,

80 2307 111 2347 et
123 2288 280 2348 Turnebus
292 2335 300 2348 .
313 2293 541 2352 Commentariis
553 2291 703 2350 Horatium
724 2289 878 2359 innumeri
901 2292 1081 2361 illustrarunt
1097 2334 1104 2358 ,
1126 2307 1156 2347 et
1177 2286 1241 2345 illu'·

82 2388 209 2428 stratum
231 2371 367 2429 edidere:
389 2372 439 2432 sed
460 2391 521 2431 non
541 2387 644 2432 omnes
664 2374 827 2454 impudica»
843 2373 905 2445 ejus
926 2373 1064 2432 Carmina
1086 2371 1241 2454 suppresse·

81 2466 175 2509 runt:
196 2450 276 2532 quod
292 2452 452 2534 'diligenter
473 2454 619 2534 praestitit
640 2455 797 2514 luventius
815 2453 853 2512 ad
874 2473 959 2514 usum
980 2449 1161 2512 scholarum.
1234 2457 1236 2460 '

122 2528 290 2599 Hortalus,
312 2533 428 2600 Orator,
439 2533 613 2603 Hortensii,
636 2535 762 2617 insignis
783 2534 871 2592 Rom.
893 2534 1035 2602 Oratoris,
1049 2549 1157 2612 nepos·
1179 2529 1248 2588 Ino·

83 2609 136 2690 pia
153 2629 355 2693 pressus-tum
377 2633 405 2684 4.
424 2611 525 2672 liberis
552 2611 589 2672 ad
609 2614 708 2673 cutiae
733 2613 826 2672 limen
857 2612 1060 2678 adstantibus,
1079 2615 1243 2680 Senatum,

81 2690 141 2770 'qui
162 2691 198 2747 in
218 2689 334 2749 Palatio
353 2688 517 2763 habebatur,
531 2694 676 2777 ingressus
697 2710 739 2753 est
752 2694 898 2775 ,illicque
928 2694 1087 2751 Orationem
1106 2690 1143 2749 ad
1163 2692 1244 2748 Sena·

83 2767 306 2840 totesbabuit,
327 2771 419 2842 modo
438 2773 559 2840 intuens
579 2779 613 2832 in
633 2775 682 2839 ari
702 2775 880 2858 imaginem,
904 2772 965 2831 illic
986 2773 1130 2852 positam,
1151 2767 1250 2826 modo’
1439 2819 1442 2825 .

78 2851 119 2907 in
140 2851 303 2934 imaginem
325 2853 474 2934 Augusti,
495 2856 561 2922 cui,
585 2870 618 2913 ut
639 2853 854 2932 obsequeretur,
877 2871 997 2912 uxorem
1018 2865 1182 2928 acceperat,
1205 2864 1242 2904 ne
1321 2879 1324 2883 -
1421 2870 1425 2876 ’

82 2929 275 2990 nobilissima
287 2936 349 3010 ejus
360 2936 448 3012 stirps
468 2935 590 3013 periret.
611 2935 681 3010 Ejus
703 2933 747 2991 Or
764 2934 802 2991 rio
823 2932 994 2993 summatim
1014 2925 1156 2990 affertuta
1170 2929 1238 2986 Tac.

79 3010 134 3068 lib.
148 3029 177 3070 ι.
197 3007 293 3081 Auo„
305 3031 362 3093 qua
381 3012 480 3071 orabat
490 3017 643 3082 Senatum,
658 3028 691 3072 ut
711 3015 795 3094 inopi
816 3010 962 3089 familiae,
977 3029 1080 3092 exque
1100 3007 1243 3078 totC'oss,

84 3107 117 3148 et
138 3091 305 3150 Dictatores
345 3093 510 3164 redierant,
532 3093 717 3153 subveniret.
738 3095 817 3154 Haec
839 3094 889 3162 Or,
909 3092 1000 3151 deside

123 3169 300 3236 Hortensia,
321 3112 360 3250 ὅ
372 3173 526 3233 Hortensii
545 3171 626 3244 lilia,
648 3189 677 3232 et
697 3169 820 3233 forsitan
845 3172 961 3233 Horrali
982 3188 1091 3236 mater,
1109 3169 1243 3250 eloquen-

78 3251 145 3311 tiae
164 3250 255 3331 patris
275 3251 372 3311 sedula
380 3254 559 3312 “imitatrir.
580 3255 676 3331 Hujus
697 3253 796 3312 Oratio
814 3254 854 3322 ad
873 3255 1065 3324 Triumviros,
1080 3249 1243 3329 Quintilia-
1356 3313 1358 3318 ,

79 3333 119 3392 ni
141 3348 235 3390 aetate
246 3340 266 3400 ,⁴
276 3331 422 3414 legebatur
443 3351 502 3392 non
525 3334 637 3391 rantlt'rr't'
653 3334 683 3392 iu
703 3351 786 3392 sexus
807 3331 955 3400 horrorem,
978 3347 1011 3392 ut
1034 3333 1076 3390 ait
1096 3330 1203 3407 Quint.
1219 3327 1246 3383 l.
1327 3352 1329 3357 ·
1365 3342 1368 3352 ¹

81 3433 112 3470 r.
125 3430 150 3470 c.
164 3432 189 3469 t.
204 3411 360 3492 Appianas
371 3413 498 3472 Alexin
509 3415 588 3495 Hiar.
603 3413 673 3473 belli
693 3413 792 3472 civilis
801 3407 884 3473 affert
904 3413 1046 3494 elegantes
1066 3409 1152 3488 hujus
1173 3407 1244 3463 Ora-
1295 3407 1298 3421 ⁴

78 3491 170 3549 tionis
189 3492 366 3559 sententias,
388 3511 444 3572 qua
464 3495 583 3554 Oratrix
603 3495 787 3573 impetravit,
809 3509 842 3551 ut
863 3513 879 3552 a
898 3491 1076 3560 Triumviris
1095 3487 1246 3548 condona·
1294 3554 1298 3561 .

75 3589 162 3631 tetur
182 3591 247 3652 pars
266 3568 414 3652 pecuniae,
427 3575 571 3632 Romanis
591 3575 733 3632 matronis
752 3576 923 3653 imperatae,
935 3590 1049 3631 rumex
1070 3565 1244 3627 Oratoribus

78 3668 177 3711 nemo
196 3650 274 3710 ullus
293 3657 378 3711 ausus
405 3670 479 3712 esset
499 3653 578 3734 apud
603 3653 788 3712 Triumviros
819 3653 1014 3731 patrocinium
1048 3651 1247 3708 Matronarum
1362 3703 1365 3711 ,

79 3733 247 3812 suscipere,
268 3752 301 3790 ae
321 3748 373 3811 pro
392 3733 436 3791 eis
455 3753 554 3795 orare.
573 3735 652 3808 Haec
672 3734 801 3815 insignis
821 3732 988 3808 Hortensiae
1009 3728 1107 3788 Oratio
1128 3726 1248 3798 desid,
1346 3801 1347 3810 ἵ
1369 3745 1371 3752 “

76 3814 232 3871 artesiam
253 3811 346 3869 desid.
356 3811 448 3881 aliae,
469 3830 539 3892 quas
560 3813 750 3892 proculdubio
775 3812 958 3872 lucubravit.
1380 3814 1383 3822 ’

131 3891 299 3949 Hortensius
317 3892 410 3968 (Q),
433 3894 540 3950 Oratm
558 3891 759 3952 celeberrimus
772 3894 942 3955 Romanus,
963 3888 1078 3950 Hortali
1099 3909 1192 3960 atus,
1212 3901 1243 3947 et
1294 3905 1296 3912 ·

76 3971 697 4110 paserPHortpnsiae,Ciceronit·amicus'=,
718 3974 789 4032 licet
807 3970 967 4034 incaestis
986 3967 1167 4053 forensibus,
1188 3984 1260 4047 seu¹

200 4061 247 4111 ‘s'
284 4092 295 4111 ⁰
666 4095 670 4098 ·
710 4113 715 4119 -
1064 4069 1089 4130 Y
1153 4125 1157 4131 .
