3317 4817
461 351 517 424 ii
984 354 1045 421 KA

430 382 881 521 10c04lttrersec,praesertiu
908 457 1062 521 antequam
1083 439 1117 500 in
1137 458 1191 501 usu
1211 450 1285 502 mser
1304 438 1401 505 littera
1430 441 1479 505 0.
1495 441 1567 507 Tunc
1644 500 1647 513 ,

418 525 537 603 quippe
557 523 621 584 loco
643 521 669 578 G
690 522 844 580 utebantur
865 521 960 580 littera
982 523 1007 580 C
1026 523 1059 579 in
1080 522 1340 603 scriptura.etpro
1353 525 1392 589 C,
1406 523 1502 584 littera
1510 545 1572 607 grat-
1643 520 1647 537 '

429 615 462 662 'ea
483 605 533 660 K.
556 604 591 660 In
613 602 807 681 inscriptione
829 603 923 681 posita
943 603 986 660 Μ.
1001 602 1121 660 Aurelio
1141 602 1301 662 Antonino
1324 603 1430 684 legitur
1452 604 1570 662 Kasibus

424 699 479 764 ¹pro
503 683 635 740 Casibus.
647 682 724 738 Vide
745 682 778 738 in
798 680 906 742 litteris
926 682 952 738 C
960 721 968 745 ‚
988 697 1018 739 et
1039 681 1066 738 G
1089 681 1246 740 Corollaria
1266 681 1303 742 de
1322 680 1369 741 his
1389 682 1516 741 fitteris.
1530 681 1574 738 Vi·

377 812 380 816 .
426 761 559 838 deiram
582 761 707 818 Litterae
716 761 836 818 Latinae
856 763 888 819 in
911 761 954 818 L.
978 763 1113 820 Processu
1135 762 1274 842 temporis
1301 763 1336 820 in
1363 761 1577 823 desuetudinem

427 841 502 901 abiit
524 841 617 901 littera
639 841 673 898 Κ
695 841 773 898 inter
794 842 959 909 Romanos,
981 840 1105 910 adeout,
1119 844 1275 902 neGraeca
1292 841 1413 922 quidem
1436 839 1576 908 uocabula,

424 921 471 980 sel
492 941 526 979 ex
549 923 659 979 Graeco
680 920 848 989 venientia,
871 941 919 1001 per
940 919 1166 990 destiterant,
1186 921 1235 980 sed
1291 942 1304 979 r
1326 920 1370 987 C,
1389 922 1472 1000 quod
1489 915 1576 980 adhuc

423 1001 558 1060 obtinet.
580 1001 721 1058 Romanis
741 1002 849 1080 quippe
869 1000 1059 1080 displicebat,
1082 1003 1241 1083 peregrinas
1275 1001 1393 1069 'traam
1415 1000 1574 1077 cujusmodi

426 1098 494 1140 sunt
512 1081 556 1147 K,
570 1079 598 1136 Z
609 1124 616 1148 ,
631 1097 658 1138 et
676 1078 745 1140 Yin
768 1079 913 1139 vocabulis
932 1086 991 1158 jam
1006 1083 1121 1140 Latinis
1140 1100 1283 1159 usurpate,
1294 1081 1488 1159 quantumvis
1500 1080 1577 1138 Grae·

428 1181 460 1218 ta
479 1159 593 1241 origine
614 1175 707 1218 essent
720 1182 726 1216 :
739 1160 817 1238 quod
830 1160 956 1228 adnoto,
972 1181 1009 1220 ne
1031 1159 1130 1222 faciles
1149 1162 1240 1223 simus
1258 1160 1293 1220 io
1313 1159 1439 1221 taxanda
1459 1159 1576 1223 abortu

430 1236 645 1327 orthographia
666 1239 699 1297 in
719 1240 834 1329 scrrpris
854 1240 980 1302 Litinis.
1000 1327 1006 1334 ¹
1330 1266 1333 1272 ’

975 1404 1028 1464 LA

505 1559 583 1621 Abeo
605 1561 733 1640 (Accius
746 1564 758 1642 )
772 1606 780 1630 ,
793 1569 892 1633 Poeta,
913 1565 1025 1624 Neroni
1044 1583 1132 1632 carus,
1154 1560 1276 1622 forsitan
1297 1581 1332 1619 er
1354 1559 1513 1620 Ateiorum
1533 1559 1573 1620 Pi·

520 1645 700 1702 saurensium
725 1665 833 1726 genere
850 1662 949 1704 ortus.
970 1647 1015 1703 De
1034 1665 1069 1702 co
1090 1646 1229 1702 meminit
1248 1643 1362 1701 Persius
1381 1639 1443 1698 Sat.
1460 1661 1487 1697 r.

461 1723 553 1782 Labeo
575 1725 585 1799 (
608 1725 695 1782 Corn.
707 1725 741 1796 ),
763 1727 867 1784 citatur
886 1746 903 1783 a
923 1727 1011 1783 Matr.
1026 1725 1046 1780 t.
1065 1745 1126 1782 1.c.
1144 1720 1312 1781 rasorum.

462 1803 556 1860 Labeo
578 1803 588 1878 (
609 1803 647 1880 Q.
660 1803 764 1863 Fabius
788 1805 821 1880 ),
844 1807 951 1872 Poeta,
975 1805 1097 1874 Orator,
1117 1823 1147 1862 et
1165 1804 1210 1861 vir
1230 1798 1413 1868 Consularis,
1426 1819 1443 1857 a
1455 1798 1569 1879 quoad·

422 1883 518 1960 jurum
542 1885 714 1941 Terentium
736 1885 769 1943 in
792 1886 852 1944 suis
872 1883 992 1941 Fabulis
1011 1887 1109 1944 Santra
1130 1882 1263 1963 putavit.
1285 1881 1348 1939 Cic.
1361 1881 1395 1938 in
1408 1879 1502 1936 Bruto
1520 1879 1568 1945 ait,

420 1958 508 2022 fuisse
529 1983 595 2021 eum
617 1963 650 2020 in
671 1965 806 2022 Oratoria
828 1965 956 2042 ejusdem
977 1965 1078 2022 meriti
1093 1978 1101 2026 ‚'
1119 1982 1178 2042 quo
1199 1959 1257 2022 fuit
1276 1956 1344 2019 Fab.
1361 1960 1478 2018 Pictor.

363 2078 367 2084 -
401 2106 406 2110 ,
461 2042 553 2099 Labeo
574 2043 584 2118 (
607 2044 638 2100 P.
656 2043 857 2122 Antistius).
879 2047 925 2118 De
945 2063 979 2101 eo
1000 2045 1109 2106 Cic.in
1129 2043 1220 2099 Bruto
1240 2059 1307 2101 cum
1327 2038 1412 2107 laude
1438 2037 1568 2118 pluradi-

422 2124 482 2181 cit.
503 2122 572 2180 Fuit
591 2121 671 2180 Trib.
685 2123 722 2202 pl.
740 2163 748 2186 ,
769 2127 820 2204 qui
842 2145 909 2183 cum
930 2123 1038 2206 collega
1061 2126 1093 2181 P.
1114 2122 1243 2201 Sulpicio
1262 2119 1374 2178 restitit
1393 2120 1428 2178 C.
1448 2121 1472 2176 J.
1496 2119 1571 2176 Caes.

419 2199 562 2266 Straboni,
575 2201 764 2260 Consulatum
786 2222 887 2261 conus
908 2203 934 2260 le
953 2223 981 2261 es
993 2202 1105 2284 petenti
1116 2245 1124 2259 .
1135 2201 1226 2283 Syllae
1239 2200 1367 2285 partibus
1378 2198 1526 2264 addictus,
1541 2198 1572 2254 iu

417 2282 525 2338 Senatu
544 2277 600 2338 fuit
620 2301 635 2338 a
657 2283 835 2363 Damasippo
855 2224 1042 2356 interiectus.
1064 2282 1142 2341 Vide
1166 2277 1351 2341 Plutarchum
1372 2281 1406 2337 in
1419 2278 1567 2353 Pompeio.

425 2359 491 2415 00.
507 2356 593 2437 hujus
604 2359 749 2416 Labeonis
761 2371 779 2428 ,’
792 2380 820 2420 et
831 2424 833 2428 ,
841 2363 1073 2440 praecedentium
1093 2361 1223 2439 ejusdem
1245 2359 1377 2420 nominis
1398 2357 1491 2416 desid.

424 2459 428 2462 ·
459 2439 551 2494 Labeo
572 2439 582 2513 (
604 2440 754 2498 Antistius
774 2440 804 2516 )*,
827 2441 1050 2502 Iurisconsultus
1062 2487 1070 2511 ,
1083 2461 1112 2500 et
1130 2435 1503 2519 Gramm.insignis,filius
1516 2437 1571 2495 An·

417 2518 499 2576 tistii
520 2517 661 2588 Labeonis
690 2521 894 2580 Iurisconsulti
909 2523 1056 2589 ,alterius
1077 2541 1113 2580 ex
1133 2521 1291 2598 conjuratis
1317 2520 1352 2576 in
1377 2519 1411 2577 C.
1433 2520 1456 2574 J.
1479 2519 1571 2576 Caesa·

418 2619 500 2657 tem.
523 2598 623 2668 Plura,
645 2619 716 2692 quae
736 2601 772 2658 de
793 2602 858 2658 Lar.
873 2603 970 2678 lingua
989 2603 1107 2669 edidit,
1128 2600 1220 2659 desid.
1234 2602 1385 2659 Citatura
1407 2597 1475 2656 Gel.
1487 2598 1570 2656 ratus

416 2677 450 2737 in
462 2677 697 2738 locis.Horatrus
718 2699 783 2756 eum
805 2682 941 2740 insanum
959 2679 1180 2760 appellabantur
1189 2680 1351 2739 adularetur
1361 2675 1567 2759 Augusto,'cui

421 2758 530 2826 Labeo,
551 2759 670 2838 antiqua
691 2758 840 2828 libertate,
862 2763 896 2818 in
917 2764 1023 2819 Senatu
1043 2758 1326 2819 adversabaturdus
1347 2758 1445 2816 Civile
1458 2802 1466 2825 ,
1480 2778 1496 2815 a
1508 2759 1568 2816 Tre·

416 2836 498 2897 bario
516 2839 603 2897 Testa
624 2838 750 2897 didicit.
775 2843 811 2898 In
833 2842 908 2898 Iuris
929 2840 1050 2909 divini,
1071 2856 1100 2897 et
1122 2837 1245 2898 humani
1266 2838 1371 2918 peritia
1390 2834 1568 2895 confertius

416 2918 555 2976 Petronio
577 2917 712 2982 Arbitro,
732 2939 797 2978 cum
820 2918 1086 3000 ServioSulpicio.
1108 2921 1152 2979 Ex
1183 2938 1218 2976 eo
1237 2936 1300 2979 orta
1328 2916 1508 2996 particularis
1526 2916 1567 2971 Ju·

418 2996 628 3076 risprudentiae
648 2995 747 3056 Schola
758 3014 769 3066 ,·
779 3000 842 3058 sire
860 3002 961 3068 Secta,
974 3001 1075 3079 dequa
1098 2998 1131 3056 in
1142 2997 1248 3056 ¹littera
1258 2998 1281 3055 J
1292 2996 1378 3056 verbo
1388 2993 1567 3054 iurisconsul-

414 3077 457 3134 ri.
478 3079 524 3134 De
545 3093 664 3134 numero
675 3075 825 3137 Librorum
857 3079 993 3147 Labeonis
1014 3079 1179 3143 dubitatur.
1198 3081 1293 3146 Sunt,
1313 3077 1363 3156 qui
1385 3098 1434 3146 40.
1450 3100 1456 3132 :
1475 3077 1567 3142 Sunt,

412 3155 465 3237 qui
486 3177 554 3227 400.
576 3155 707 3214 edidisse
728 3155 849 3217 ditant.
872 3162 917 3218 lta
937 3161 1091 3230 Gratiae,
1112 3158 1213 3216 citans!
1230 3152 1446 3216 Gothoftedum
1477 3155 1566 3232 junio·

416 3254 492 3292 rem.
514 3235 648 3293 Forsitan
668 3236 789 3296 dubium
810 3239 922 3309 oritur,
941 3259 976 3296 ex
996 3259 1081 3318 prava
1102 3256 1287 3297 numerorum
1316 3235 1509 3295 adnotatione
1533 3236 1565 3292 iu

418 3315 548 3394 antiquis
568 3315 797 3395 exemplaribus.
819 3319 975 3397 Supersunt
996 3321 1030 3376 in
1043 3313 1311 3398 ,Parsecrrsurgu
1332 3315 1399 3372 libb.
1411 3315 1562 3373 Labeonis.

454 3395 547 3452 Labeo
569 3393 585 3467 (
602 3396 705 3454 Attius
721 3398 759 3474 ),
781 3399 870 3456 Poeta
891 3398 1029 3466 Latinus,
1042 3398 1094 3474 qui
1115 3399 1237 3456 Homeri
1258 3399 1352 3476 Opera
1373 3396 1406 3455 in
1430 3398 1562 3456 Latinum

412 3476 500 3544 vertit
519 3474 630 3534 uerbum
651 3477 732 3534 uerbo
754 3478 866 3534 reddens
887 3479 1015 3535 nimium
1030 3476 1107 3554 fidus
1119 3477 1250 3550 interpres
1261 3493 1362 3534 conus
1375 3477 1494 3536 Horatii
1505 3493 1562 3532 mo·

406 3557 503 3614 nitum
525 3556 559 3612 in
579 3553 654 3612 Arre
675 3549 687 3612 :u
703 3557 781 3636 quod
803 3557 949 3636 praestitit
969 3575 1031 3614 non
1053 3558 1117 3614 sine
1137 3556 1239 3616 multis
1264 3556 1413 3634 ineptiis,
1433 3555 1483 3614 ob<
1534 3572 1561 3611 as

402 3635 539 3722 irridetur
560 3655 575 3692 a
596 3634 694 3693 Persio
714 3638 747 3693 iu
768 3634 900 3712 Satyris,
922 3653 952 3696 et
972 3635 1009 3694 ab
1028 3634 1094 3696 aliis
1114 3636 1260 3715 antiquis.
1272 3637 1351 3702 Haec
1378 3635 1476 3694 Verrio
1496 3575 1560 3692 iit.

404 3715 512 3792 periit,
532 3715 578 3774 vel
598 3715 684 3774 latet.
969 3759 973 3765 .
1091 3755 1094 3759 f

447 3793 580 3851 Laberius
600 3795 612 3868 (
632 3795 769 3854 De'einuu
790 3794 819 3869 ),
843 3799 931 3856 Poeta
950 3793 1204 3876 Mimographus,‚.
1217 3798 1249 3858 C.
1263 3795 1319 3865 lul.
1333 3792 1451 3855 Caesari
1471 3811 1558 3859 carus,

403 3869 511 3930 Mimos
531 3873 691 3934 lucubravit
711 3891 780 3932 ante
799 3873 912 3935 Christi
924 3894 1018 3935 aeram
1038 3879 1191 3936 andoin
1204 3875 1304 3934 Mimis
1317 3894 1471 3955 superatus
1489 3871 1558 3938 fuit,
1634 3892 1640 3906 ·

401 3953 492 4014 etiam
513 3955 545 4015 C.
558 3955 581 4015 J.
596 3954 723 4018 Caesena
741 3955 900 4034 judicio,a
920 3957 953 4036 Γ.
966 3958 1056 4034 Syro.
1076 3961 1145 4035 ejus
1160 3955 1274 4045 aemulo
1286 3956 1394 4024 .,‚Vide
1419 3953 1512 4031 Syrus
1530 3951 1558 4010 iu
