3317 4817
610 219 619 275 l

475 396 530 463 ¹36
602 440 607 453 ,
662 422 663 425 “
701 403 710 411 ·
991 386 1043 447 ΤΕ
1269 458 1276 465 Ι
1655 455 1656 466 ¹

429 465 535 533 indere
562 467 666 535 solitos
693 467 844 530 Romanos
871 462 941 530 filiis
974 469 1035 528 suis
1069 466 1229 545 secundom
1259 462 1398 538 amendi
1431 466 1568 531 ordinent
1575 470 1589 544 ζ
1655 477 1656 498 ³

425 568 455 608 ct
475 546 628 613 numerum
650 546 798 616 filiorum,
819 568 892 629 quos
911 546 1077 617 habebant,
1101 571 1132 609 ac
1157 550 1280 625 Tertium
1302 548 1382 609 hunc
1400 552 1587 632 appellatum,

422 631 492 711 quis
512 630 615 693 ordine
636 631 739 689 tertius
759 650 794 689 err
815 628 915 689 cadem
939 648 1031 703 matre
1051 648 1137 707 natus
1156 628 1239 693 fuit.
1260 633 1338 693 Haec
1358 652 1426 712 paoe
1447 633 1587 714 interpre·
1655 673 1656 704 r

421 728 486 771 tum
508 711 763 778 doctissimorum,
786 712 838 791 qui
858 710 940 768 aliter
960 711 1111 775 sentiunt,
1127 712 1211 772 dicta
1232 715 1312 790 sint.
1447 761 1452 767 .
1655 707 1656 796 i

469 793 663 851 Tertullianus
683 792 747 868 (Q.
760 792 880 871 Septim.
898 791 1061 870 Florens),
1084 789 1154 851 Afer
1176 794 1294 869 doctiss.
1306 838 1314 865 ,
1327 792 1463 873 primum
1482 790 1586 852 Ethni·
1655 801 1656 870 l

424 893 495 941 tus,
516 894 547 933 ac
568 890 601 931 ut
628 872 730 935 multis
753 874 884 941 videtur,
906 873 1033 954 insignis
1053 875 1301 935 Iurisconsultus:
1321 873 1430 951 deinde
1454 875 1587 955 optimus

424 952 628 1021 Christianus,
649 971 679 1012 et
699 954 817 1013 tandem
849 952 1024 1017 haereticus,
1044 956 1191 1026 Montani¹
1210 974 1351 1018 sectator.
1375 955 1461 1013 Plura
1491 954 1616 1013 edidit*

423 1036 527 1116 Opera,
540 1035 573 1093 in
593 1033 699 1115 quibus
718 1054 825 1095 errores
846 1052 907 1093 non
928 1035 1251 1116 pauci,praesettimin
1273 1038 1326 1105 iis,
1341 1054 1412 1115 quae
1425 1039 1489 1113 iarn
1498 1036 1587 1093 Mon·
1655 1081 1656 1084 ι

425 1118 534 1179 tanista
562 1116 698 1197 scripsit,
720 1117 938 1184 inveniuntur,
959 1133 989 1173 et
1018 1117 1127 1177 idcirco
1147 1138 1230 1179 caute
1255 1118 1413 1199 legendus.
1434 1114 1587 1175 Nonnulla
1655 1115 1656 1132 ¹

424 1201 486 1275 ejus
507 1199 601 1276 Opera
623 1197 786 1277 perierunt,
809 1198 855 1255 rel
876 1196 985 1261 latent,
998 1215 1032 1256 ur
1053 1208 1080 1256 ό.
1094 1198 1164 1274 libri.
1177 1202 1211 1257 de
1230 1198 1363 1257 Ecstasi:
1374 1196 1424 1255 lib.
1437 1215 1512 1252 unus
1525 1214 1586 1253 ton·

420 1294 467 1343 rra
487 1276 669 1353 Apollonium
683 1322 690 1347 ,
704 1294 734 1339 et
754 1278 824 1335 liber
843 1280 876 1340 de
895 1276 970 1334 Ferro
982 1281 1104 1346 ,citatus
1124 1300 1140 1351 a
1161 1277 1422 1362 Fulg.Planciade.
1435 1276 1517 1335 Vide
1530 1279 1581 1335 Inr-

421 1354 489 1417 dov.
501 1358 537 1418 de
550 1358 575 1417 la
589 1358 689 1421 Corda,
700 1359 840 1417 Jesnitam
854 1360 1017 1438 Hispanum
1039 1360 1198 1428 erudistis,
1213 1361 1270 1440 qui¹
1285 1357 1496 1417 Tertullianum
1507 1378 1583 1414 eom·
1655 1359 1656 1400 ἰ

421 1455 515 1498 ment.
527 1438 706 1499 illustrarit.
727 1440 864 1513 Cujacius
883 1438 1128 1508 arbitratur,eum
1149 1436 1238 1499 fuisse
1258 1438 1476 1499 Tertullianum
1498 1436 1581 1496 illurn
1655 1463 1656 1508 r

420 1519 686 1588 Iurisconsultum,
728 1521 759 1579 ui
780 1518 832 1581 sub
851 1521 996 1600 Septimio
1016 1522 1119 1581 Severo
1140 1521 1260 1580 floruit.
1284 1520 1349 1579 Alii
1369 1518 1520 1578 diuersum
1542 1538 1582 1577 ar·
1655 1521 1656 1568 l

422 1598 584 1661 bitrautur.
606 1603 686 1665 inter
739 1602 917 1681 ertul.opera
937 1618 1007 1659 sunt
1028 1602 1106 1682 plura
1127 1598 1243 1661 heroico
1264 1604 1359 1661 Carm.
1374 1600 1492 1677 scripta,
1506 1615 1539 1656 ur
1554 1619 1581 1660 r.

421 1680 486 1739 iibri
506 1698 601 1741 contra
622 1679 817 1753 Marcionem,
838 1701 910 1761 quos
930 1676 1047 1756 affectos
1066 1682 1205 1762 reliquit,
1220 1682 1335 1739 Carmen
1355 1680 1388 1737 de
1404 1678 1519 1737 Iudicio
1532 1725 1539 1744 ,
1552 1695 1583 1738 ιιι

421 1760 511 1839 etiam
533 1762 569 1821 de
587 1760 730 1830 Sodoma,
752 1763 785 1820 de
804 1760 897 1829 lona,
918 1780 948 1819 er
968 1761 1090 1830 Niniue,
1104 1783 1176 1842 quae
1195 1764 1222 1820 S.
1238 1762 1385 1843 Cypriano
1399 1758 1583 1827 tribuuntur,

425 1840 603 1900 Tertulliano
631 1841 770 1902 nonnulli
789 1842 977 1910 adscribunt.
998 1844 1077 1903 Haec
1106 1844 1288 1917 ostendunt,
1311 1841 1395 1900 illurn
1430 1840 1582 1907 Portam,

423 1923 512 1986 eriam
533 1920 643 1983 fnisse.
664 1922 750 1984 Obiit
771 1923 892 1983 ineunte
917 1921 1151 1999 3.Ecel.stculo.
1174 1924 1377 2004 &Cyprianus
1397 1920 1501 2000 magni
1522 1924 1582 1998 ejus

428 2004 480 2064 seri
506 2021 533 2064 ra
553 2001 643 2071 fecit,
663 2021 692 2063 tt
714 2005 885 2086 magistrum
905 2024 971 2065 eum
992 2004 1132 2084 appellate
1153 2002 1261 2063 solebat
1282 2000 1402 2060 honoris
1422 2020 1536 2083 caussa.
1584 2066 1588 2071 ,

500 2084 636 2152 errollus,
657 2086 783 2155 Orator,
805 2102 834 2144 et
855 2084 1029 2143 Iudaeorum
1050 2086 1189 2154 nomine,
1210 2086 1237 2142 S.
1253 2082 1345 2143 Paulli
1366 2080 1505 2161 Apostoli
1528 2083 1583 2139 Ac·

426 2178 540 2225 cusator
560 2164 634 2243 apud
655 2164 779 2225 Felicem
796 2164 938 2230 ,iudaeae
960 2161 1158 2225 Praefectum.
1180 2166 1250 2241 Ejus
1272 2164 1394 2230 Oratio,
1417 2162 1480 2219 sive
1494 2163 1584 2220 Aetio

417 2243 454 2303 in
474 2245 653 2315 S-Paullum,
665 2247 771 2307 Latino
791 2264 924 2307 sermone
945 2245 1023 2307 dicta
1042 2267 1059 2304 a
1080 2245 1210 2315 Tertullo
1229 2266 1325 2315 coram
1347 2244 1485 2301 Romano
1497 2242 1579 2299 Prae·

421 2324 484 2383 tide
505 2321 584 2383 fuit.
604 2326 683 2393 ,Vide
705 2325 783 2382 Acta
803 2322 906 2401 apost.
920 2346 943 2381 t.
957 2344 1021 2395 24„
1044 2325 1094 2384 ubi
1117 2343 1243 2405 narratur
1262 2323 1388 2384 Tertulli
1407 2321 1535 2385 Oratio,
1555 2340 1583 2380 et

424 2406 451 2465 St
466 2404 560 2473 Paulli
580 2425 631 2485 pro
652 2426 680 2463 se
693 2402 843 2474 Defensio,
856 2408 962 2478 Latino
974 2425 1106 2474 sermone
1120 2402 1308 2487 proculdubio
1322 2426 1337 2462 a
1349 2406 1374 2465 S.
1387 2401 1489 2482 Paullo
1501 2402 1583 2460 data.

469 2484 497 2543 T
496 2486 620 2555 errollus,
626 2530 633 2555 ,
656 2488 765 2557 Poeta,
789 2487 917 2547 Ausonii
929 2489 1058 2554 amicus,
1080 2488 1121 2551 ad,
1137 2506 1222 2567 quem
1244 2503 1286 2547 est
1308 2480 1436 2543 Ausonii
1450 2482 1584 2557 Epistola

421 2567 518 2627 (larm-
533 2566 659 2647 s‘cripta,
679 2566 712 2629 in
733 2586 788 2645 qua
809 2587 875 2625 eum
898 2585 1034 2647 tanquam
1058 2570 1177 2640 Poetam
1200 2569 1258 2625 insi
1281 2566 1347 2624 nem
1368 2562 1582 2624 commendat.

465 2644 571 2737 Τρικν
589 2646 602 2723 (
621 2647 762 2725 Octavius
783 2647 814 2725 ),
837 2649 869 2708 in
898 2648 995 2726 Gallia
1016 2648 1179 2728 Grammat.
1200 2649 1246 2710 lta
1259 2589 1343 2708 iuer.
1356 2645 1389 2703 le
1410 2644 1460 2703 Ill.
1481 2643 1585 2703 Grona-

426 2742 554 2791 rrrarrcts.
927 2745 929 2756 ι

635 2956 640 2964 „
686 2948 689 2955 ,
862 2894 1047 2953 Corollarium
1074 2895 1135 2956 III.

441 3034 444 3043 ,
465 2953 694 3053 Τήιιιιτιιιι,’Μ,
706 2976 842 3043 Scaurus,
864 2975 954 3053 Syllae
974 2978 1145 3057 privignus,
1166 2996 1233 3036 curn
1249 2973 1364 3034 Aedilis
1376 2987 1466 3039 esset,
1479 2968 1582 3031 Thea·

417 3066 496 3115 trum
516 3046 667 3116 fabricarit
687 3060 775 3137 ¹capax
798 3062 844 3113 80.
870 3056 999 3125 millium
1021 3052 1201 3127 hominum,
1225 3074 1359 3129 ornatum
1382 3054 1474 3112 ternis
1499 3052 1579 3109 mill.

417 3125 595 3207 statuarum,
617 3151 645 3197 et
671 3129 735 3211 3'60.
747 3123 910 3217 columnis.
932 3138 1009 3194 Vide
1031 3138 1107 3196 Plin.
1122 3138 1143 3199 l.
1159 3140 1203 3206 36.
1218 3125 1257 3197 H.
1273 3136 1311 3194 N.
1331 3177 1340 3199 ,
1359 3133 1409 3193 nbi
1434 3151 1582 3213 expensae

416 3208 507 3291 factae
527 3215 560 3273 in
580 3219 640 3289 ejus
654 3199 975 3297 constructionelquae
995 3211 1130 3277 indicant
1152 3220 1312 3288 immensas
1321 3213 1423 3273 Scauri
1435 3214 1585 3273 diuitias.

458 3291 625 3363 Themison,
647 3296 781 3357 Medicus
802 3296 889 3357 Rom.
904 3296 1085 3379 Asclepiadis
1103 3299 1208 3378 discip.
1224 3297 1316 3378 ,qui,
1342 3307 1371 3354 εἰ
1393 3295 1531 3374 scriptis,
1552 3312 1583 3353 et

411 3374 533 3437 curandi
552 3374 707 3447 methodo,
729 3378 757 3435 ei
778 3378 938 3438 contrarius
959 3374 1030 3442 fuit,
1051 3398 1081 3436 et
1102 3380 1207 3437 iccirco
1229 3396 1329 3458 parurn
1344 3376 1440 3435 eidem
1456 3392 1578 3455 gratus.

411 3456 482 3541 Ejus
502 3455 716 3531 Epistolicarum
737 3455 800 3515 libri
819 3458 947 3517 citantur
958 3458 1082 3518 aCaelio
1093 3457 1190 3517 Rhod.
1203 3460 1268 3517 lec't.
1283 3473 1342 3514 ant.
1355 3456 1468 3533 largn.
1487 3475 1509 3512 r.
1529 3476 1579 3526 ¹4·

458 3534 766 3619 Tlremison„ApuleJi
785 3540 887 3597 Servus
899 3538 1094 3609 ,Medicinae
1115 3558 1178 3597 non
1197 3542 1338 3621 ignarus,
1361 3550 1436 3594 reste
1469 3534 1583 3617 Apule-

410 3614 445 3701 jq
462 3616 497 3677 in
517 3614 660 3695 Apologia
679 3640 750 3678 sua.
772 3619 827 3677 Vel
847 3616 910 3689 hic,
935 3619 982 3678 rel
1001 3616 1169 3699 praecedens
1190 3616 1581 3699 laudarit·Plantaginem.
1655 3615 1656 3696 l

459 3693 647 3771 ¹Tlremistln'nt
659 3702 666 3769 ,'
678 3697 715 3757 so
737 3696 829 3771 hissa,
844 3700 1105 3786 Constantinopoli
1127 3699 1181 3759 sub
1201 3699 1318 3759 Iuliano
1331 3702 1474 3778 Apostara
1494 3700 1578 3757 Prae·
1655 3711 1656 3756 r

413 3776 479 3857 tot,
500 3774 648 3842 Orationes
675 3719 777 3842 induit
798 3778 836 3838 ad
863 3776 1046 3861 Christianos
1065 3769 1299 3861 Imperatt.'anre
1319 3780 1518 3839 Honorium.
1543 3779 1581 3835 In
1655 3765 1656 3822 l

412 3875 472 3926 una
500 3877 534 3915 ex
559 3858 623 3937 'illis
643 3859 743 3937 suadet
763 3860 884 3919 Valenti
905 3859 1032 3929 Ariano,
1055 3862 1109 3941 q'ui
1128 3853 1302 3938 Catholicae
1318 3858 1537 3928 insectabatur,
1550 3876 1584 3917 ur
1655 3851 1656 3906 l

414 3934 580 3997 libertatem
602 3932 750 4011 sentiendi
769 3940 841 4000 circa
862 3940 1029 4025 Religionis
1043 3941 1179 4023 dogmata
1197 3942 1336 4003 omnibus
1364 3940 1523 3999 concedat.
1548 3942 1586 3997 ln
1655 3937 1656 3958 ³

409 4016 496 4095 altera
519 4007 691 4085 Ciceronem
713 4012 1279 4107 magtiis'o'rn'at'laudibrrt.¹Dirersum
1303 4019 1339 4084 ab
1363 4017 1420 4082 hoc
1433 4018 1522 4083 fuisse
1544 4040 1584 4080 ar·

1655 4487 1656 4508 l
