3317 4817
119 384 171 445 illa
191 382 271 457 Urbes
288 402 431 457 remanere
451 382 612 451 studiorum
625 389 692 465 ‚qui
713 403 745 442 us
766 398 867 443 vacant
888 382 992 441 Cives:
1012 379 1155 463 peregrini
1177 378 1290 440 huon-⁴

121 484 184 532 tur,
202 464 279 545 capti
300 464 515 545 quodammodo
537 464 622 521 Urbis
639 456 778 537 nomine,
789 480 817 521 et
837 459 1162 521 auctoritatesine's'ius
1180 463 1270 520 etiam

120 544 154 603 in
178 546 236 603 suis
257 544 381 618 finisti,
404 546 476 604 banc
493 563 657 602 exterorum
678 544 877 602 curiositatem
909 544 1005 623 lepide
1030 542 1199 600 cavillatur.
1223 544 1270 598 De
1325 585 1327 590 .

120 626 283 686 Athenien.
299 626 413 691 studio,
433 640 463 681 et
483 625 615 704 expensis
637 627 669 681 in
690 624 877 703 Spectaculis,
902 622 1141 680 videHistriones
1162 623 1195 677 in
1221 620 1271 689 H,

120 722 151 761 et
173 703 359 763 Plutarchum
381 704 413 761 in
432 706 527 762 Tract.
545 705 580 761 de
602 700 747 762 Athenien.
772 700 885 778 gloria.
910 703 989 760 Idem
1012 702 1088 759 Plut.
1111 703 1147 757 in
1169 700 1272 756 Dento-

121 782 229 840 srhenis
248 785 308 841 vita
331 802 441 853 narrat,
465 804 530 843 eum
552 782 645 842 dicere
666 784 785 843 solitum
799 798 828 836 τε
845 785 1049 846 OlMinerva,
1071 779 1160 838 Urbis
1182 777 1271 838 Athe·

118 881 226 921 narum
247 862 298 923 dea
319 865 470 929 tutelaris;
492 882 523 923 ut
544 864 633 944 quid,
655 863 746 922 tribus
767 862 870 921 belluis
890 864 1025 943 pessimis
1046 860 1271 927 delectaris,no·

121 960 208 1009 ctua,
231 942 374 1010 dracone,
397 962 425 1000 er
447 944 553 1024 populu
576 954 605 996 Ξ
633 942 758 1001 Athenis
780 945 875 1025 viguit
893 943 1065 1001 Ostracismi
1087 941 1148 1006 let,
1170 957 1270 1019 postea

119 1020 335 1105 abrogata,qua
357 1025 422 1081 Viri
444 1042 606 1083 eminentes
619 1026 709 1103 patria
722 1025 798 1081 exire
812 1023 984 1102 cogebantur
996 1066 1003 1079 .
1015 1024 1076 1079 Hac
1087 1019 1169 1101 lege(
1183 1017 1272 1077 Athe·

119 1103 172 1159 nis
194 1104 284 1183 magis
295 1144 303 1167 ,
314 1122 400 1181 quam
427 1102 566 1177 exulibus·
580 1103 687 1171 noxia,
709 1120 738 1161 et
760 1104 958 1185 ignominiosa
973 1145 981 1166 ,
995 1101 1194 1181 ³qua'eximiis
1215 1100 1271 1156 vir·

112 1178 235 1238 tutibus
256 1180 394 1249 exilium,
406 1200 435 1239 et
457 1185 527 1241 viris
548 1202 669 1263 nequam
691 1180 857 1263 triumphus
876 1184 912 1241 de
932 1183 1056 1262 optimis
1076 1181 1201 1239 Civibus
1220 1177 1271 1236 de·

116 1260 287 1319 cernebatur
308 1265 319 1335 )
339 1281 465 1321 extorres
485 1264 575 1342 patria
598 1265 732 1333 vixerunt
761 1262 777 1331 (
822 1282 910 1322 taeter
938 1261 1120 1328 Aristidem,
1149 1257 1266 1317 lustum

117 1340 381 1420 cognominatum,
401 1343 453 1421 qui
474 1360 538 1422 post
562 1361 666 1402 10.an.
686 1343 768 1399 exilii
790 1284 848 1403 dit
868 1340 1038 1416 revocatus)
1057 1339 1270 1398 Themistocles

116 1416 155 1474 in
177 1419 310 1483 Perside,
331 1419 488 1499 Iphicrates
508 1424 540 1478 in
561 1421 699 1488 Thracia,
720 1423 825 1487 Conon
847 1424 881 1482 in
901 1425 1020 1503 Cypro,
1038 1418 1213 1479 Timotheus
1233 1418 1269 1475 in

113 1496 224 1564 Lesbo,
244 1496 381 1557 Chabrias
400 1502 433 1559 in
448 1502 603 1581 Aegypto.
625 1500 723 1558 Exilia
744 1504 812 1569 isto,
834 1503 913 1583 quod
933 1503 1005 1561 viris
1023 1501 1148 1579 optimis
1185 1498 1272 1556 lotio·

117 1594 185 1633 sum
207 1595 286 1646 erat,
308 1582 601 1639 eum'restimonium
623 1598 694 1639 esset
713 1582 812 1639 eoruln
834 1583 961 1665 insignis
982 1580 1152 1660 probitatis,
1165 1519 1269 1648 hehet,
1348 1644 1352 1651 ¹

118 1672 155 1711 ut
176 1674 257 1735 saepe
276 1660 365 1717 Cives
384 1659 534 1738 improbi,
553 1678 583 1718 et
602 1660 744 1743 ignobiles
764 1660 984 1745 Magistratibus
997 1657 1272 1739 Reippraefitereu·

117 1750 190 1791 tur:
212 1754 269 1813 quo
290 1735 367 1794 nihil
387 1740 478 1821 magis
499 1740 657 1798 exitiosum
680 1740 762 1821 Reip.
777 1760 837 1799 esse
859 1757 974 1820 potest.
995 1740 1030 1797 Id
1050 1740 1187 1797 viderunt
1206 1753 1275 1797 tan·

117 1813 189 1869 dem
211 1814 390 1884 Athenien..
413 1837 442 1876 et
463 1818 553 1899 legem
582 1820 663 1878 illam
684 1822 748 1877 anti
767 1816 893 1879 uarum.
913 1822 997 1879 Hanc
1023 1818 1062 1875 ob
1079 1837 1139 1875 rem
1161 1817 1269 1877 mirum

117 1894 225 1950 ntultis
247 1896 510 1971 videtur‚·alterum
532 1918 567 1956 ex
589 1896 674 1977 hujus
693 1840 786 1957 sacili
804 1898 967 1957 illuminati
984 1892 1174 1976 Philolophis
1193 1893 1271 1955 hanc

116 1970 215 2052 legem
236 1975 268 2031 in
290 1975 524 2037 Christianorum
545 1978 640 2061 regnis
661 1978 833 2037 desiderare.
855 1975 985 2036 Athenas
1005 1978 1133 2034 Romani
1152 1974 1270 2055 antiqui

116 2052 357 2122 contendebant,
380 2077 412 2115 ur
432 2056 494 2115 illic
513 2059 648 2140 ingenuis
670 2058 742 2117 disci
765 2058 836 2123 linis
854 2099 862 2121 ,
880 2058 1013 2115 Oratoria
1033 2056 1218 2135 praesertim,
1240 2070 1270 2113 et

118 2128 313 2212 Philosophia
340 2138 542 2194 erudirentur.
564 2138 606 2195 At
640 2078 777 2196 nonnulli
805 2136 987 2203 mollitiem,
1008 2135 1128 2213 luxum,
1150 2132 1271 2194 fallendi

117 2226 214 2279 artes,
235 2233 284 2271 scu
305 2214 442 2275 Graecam
463 2214 570 2286 fidem,
593 2234 622 2276 et
642 2218 716 2276 vitia
736 2216 792 2276 alia
814 2218 923 2297 magis,
944 2234 1028 2295 quam
1050 2214 1196 2274 docuinat
1215 2214 1274 2273 uti·
1338 2236 1347 2242 ·

116 2290 161 2349 les
182 2292 303 2356 domurn
327 2314 361 2351 ct
375 2296 495 2354 Graecia
515 2294 733 2376 adsportabant.
748 2297 826 2356 Vide
842 2298 912 2355 Cato
927 2296 1071 2354 Censorius
1082 2298 1117 2353 in
1130 2295 1171 2353 C.
1184 2290 1273 2353 Athea

114 2373 167 2429 nis
177 2366 326 2431 Ciceronis
346 2394 415 2434 aevo
430 2374 638 2435 declamabatur
650 2378 759 2436 Graece
768 2422 775 2443 ,
784 2376 1032 2456 etLatinetquod
1046 2374 1136 2436 aeleth
1148 2373 1269 2432 'indicat

116 2450 305 2531 Lampridius
333 2454 368 2513 de
402 2476 454 2513 suo
486 2475 578 2513 aevo.
613 2458 690 2515 Vide
722 2458 811 2531 Epist.
831 2458 946 2523 Marci,
967 2457 1120 2515 Ciceronis
1144 2452 1203 2512 filii
1229 2446 1269 2512 id

114 2532 281 2621 'IJironem
309 2532 412 2607 idern,
434 2552 466 2592 ut
489 2535 609 2595 arbitror
630 2532 715 2595 fiebat
742 2538 886 2611 etiam',(
909 2537 1074 2616 praesertim
1095 2550 1163 2615 post
1179 2531 1267 2592 Tibe·

115 2630 220 2679 rium,
241 2612 311 2676 cui,
332 2632 365 2673 ut
385 2614 570 2694 sequentibus
591 2618 726 2696 Imperat.
747 2618 828 2676 cordi
849 2632 908 2675 erat
928 2614 1049 2674 latinam
1069 2615 1198 2697 linguam
1220 2632 1269 2691 per

113 2706 227 2782 totum
244 2694 402 2772 Imperium
419 2714 584 2831 propagare
607 2698 623 2774 )
653 2714 713 2754 non
734 2696 828 2758 salum
849 2698 883 2753 in
903 2696 1103 2753 Romanorum
1132 2692 1267 2766 Coloniis

112 2772 245 2829 minoris
265 2791 369 2841 notae,
387 2793 416 2833 sc
458 2795 546 2835 ettam
568 2794 600 2833 in
621 2776 781 2855 praecipuis
802 2776 905 2837 Asiae,
916 2790 945 2831 et
959 2776 1051 2832 totius
1063 2766 1203 2830 oricum
1216 2773 1270 2828 Ur·

114 2850 219 2921 bibus,
240 2868 272 2911 ut
294 2852 502 2917 Nicomediae,
524 2854 574 2913 ubi
594 2854 715 2915 latirtam
737 2854 824 2914 Rhtt.
837 2854 1005 2913 Lactantius
1022 2850 1270 2919 docuir,Alexan·

113 2929 219 2995 ciriae,
237 2932 341 3000 Tarsi,
364 2931 482 3012 Berythi
500 2936 547 2995 ,et
568 2934 851 3015 Constantinopoli,
863 2932 916 2991 ubi
935 2933 1064 2991 Romani
1083 2927 1271 2990 Iurisconsul-

114 3011 142 3069 ti
162 3012 214 3069 Jus
236 3010 333 3071 Civile
352 3012 517 3087 docebarit,
539 3028 569 3070 et
589 3013 674 3073 latini
695 3015 831 3097 Magistri
850 3014 923 3072 alias
941 3012 1133 3094 disciplinas.
1156 3082 1160 3089 Ι
1201 3038 1204 3043 ·

158 3090 717 3161 Athenaeus,GrammitINaucratites,
740 3094 789 3174 qui
811 3094 863 3152 sub
884 3093 1189 3158 miserantissime
1207 3088 1271 3148 sui·

114 3169 271 3239 da,edidit
300 3170 388 3230 libros
410 3169 691 3246 Dipnosophistorrtm
713 3174 886 3253 inscriptos.
907 3174 953 3230 De
972 3193 1009 3232 eo
1023 3174 1075 3230 ait'
1090 3170 1261 3243 Salmasius,

113 3248 204 3311 fuisse
226 3252 400 3311 Graecorum
420 3252 553 3311 Plinium
574 3254 613 3311 ob
632 3252 757 3313 multam
777 3253 997 3323 eruditionem,
1017 3272 1072 3333 qua
1092 3255 1153 3328 ejus
1172 3250 1269 3328 Opera
1339 3292 1342 3297 -

110 3326 217 3391 referta
237 3350 325 3391 sunt.
386 3398 389 3405 ‚
1108 3353 1111 3359 ’

156 3408 339 3479 Athenaeus,
361 3408 437 3469 Phil.
459 3412 583 3492 Peripat.
605 3413 657 3471 sub
677 3412 722 3472 Au
746 3410 871 3481 .clarus,
895 3412 1014 3470 natione
1042 3412 1131 3471 Cilix.

154 3490 368 3559 Athenodorus,
377 3493 402 3551 S.
415 3493 549 3573 Gregorii
561 3490 715 3553 'I'lraumat
725 3432 812 3553 lrater
823 3493 980 3575 ,Origenis
993 3493 1098 3571 discip.
1107 3488 1188 3547 Vide
1197 3486 1266 3545 Gee-

113 3570 212 3649 gorins
233 3573 265 3631 in
291 3572 358 3641 G„
715 3595 719 3603 ·
853 3588 857 3595 ’
1165 3614 1170 3621 .

81 3720 86 3729 Ι
156 3644 448 3733 Athenodorusshup,
461 3646 631 3721 familiaris,
653 3670 682 3711 et
699 3652 1108 3745 ualde‘gratlosus,quieum
1130 3647 1266 3717 monuit,
1322 3651 1325 3656 ’
1380 3685 1382 3692 ,

112 3754 151 3792 ne
172 3733 246 3811 quid
272 3732 362 3792 iratus
383 3733 509 3799 diceret,
526 3744 579 3791 'aut
600 3728 723 3802 faceret,
747 3731 844 3791 fierine
864 3730 1026 3803 decerneret
1053 3732 1151 3790 donee
1165 3734 1262 3799 settim

110 3815 220 3873 tacitus
240 3832 342 3871 omnes
375 3814 555 3891 percurrisset
575 3811 684 3871 litteras
714 3811 891 3893 Alphabeti:
913 3832 971 3891 qno
997 3813 1208 3891 monito-Aug.
1225 3808 1266 3869 ad

108 3894 186 3955 iram
207 3912 320 3975 pronus
332 3938 340 3965 ,
353 3908 384 3951 et
405 3892 577 3962 vindictam,
590 3894 672 3951 mitis
692 3889 786 3953 filetus
803 3910 864 3951 est.
886 3894 993 3955 Nescio
1012 3910 1050 3950 an
1071 3894 1099 3953 Is
1116 3894 1155 3951 tit
1176 3890 1266 3949 Athe·

694 3984 703 3997 ··
780 3990 801 4015 ,a
839 3974 942 4009 aner
1066 4009 1071 4019 ,
