<?xml version="1.0" encoding="UTF-8"?>
<!DOCTYPE html PUBLIC "-//W3C//DTD XHTML 1.0 Transitional//EN"
    "http://www.w3.org/TR/xhtml1/DTD/xhtml1-transitional.dtd">
<html xmlns="http://www.w3.org/1999/xhtml" xml:lang="en" lang="en">
 <head>
  <title>
</title>
<meta http-equiv="Content-Type" content="text/html;charset=utf-8" />
  <meta name='ocr-system' content='tesseract 3.04.00' />
  <meta name='ocr-capabilities' content='ocr_page ocr_carea ocr_par ocr_line ocrx_word'/>
</head>
<body>
  <div class='ocr_page' id='page_1' title='image "./matthaeiaimeric00aymegoog/matthaeiaimeric00aymegoog_0063.png"; bbox 0 0 3317 4817; ppageno 0'>
   <div class='ocr_carea' id='block_1_1' title="bbox 78 343 1252 3767">
    <p class='ocr_par' dir='ltr' id='par_1_1' title="bbox 91 343 1252 669">
     <span class='ocr_line' id='line_1_1' title="bbox 656 343 1204 421; baseline -0.004 -14"><span class='ocrx_word' id='word_1_1' title='bbox 656 346 712 407; x_wconf 83' lang='lat' dir='ltr'>AR</span> <span class='ocrx_word' id='word_1_2' title='bbox 938 343 952 386; x_wconf 63' lang='lat' dir='ltr'>l</span> <span class='ocrx_word' id='word_1_3' title='bbox 1187 370 1204 421; x_wconf 75' lang='lat'>9</span> 
     </span>
     <span class='ocr_line' id='line_1_2' title="bbox 91 372 1246 506; baseline 0.004 -23"><span class='ocrx_word' id='word_1_4' title='bbox 91 424 269 483; x_wconf 87' lang='lat' dir='ltr'>arbitrantur</span> <span class='ocrx_word' id='word_1_5' title='bbox 284 468 291 481; x_wconf 92' lang='lat'>.</span> <span class='ocrx_word' id='word_1_6' title='bbox 304 425 381 485; x_wconf 70' lang='lat' dir='ltr'>¹&#39;Non</span> <span class='ocrx_word' id='word_1_7' title='bbox 403 418 703 506; x_wconf 55' lang='lat' dir='ltr'>negaueramenj&#39;in</span> <span class='ocrx_word' id='word_1_8' title='bbox 724 445 810 485; x_wconf 87' lang='lat' dir='ltr'>aenea</span> <span class='ocrx_word' id='word_1_9' title='bbox 831 439 924 495; x_wconf 87' lang='lat' dir='ltr'>etate,</span> <span class='ocrx_word' id='word_1_10' title='bbox 945 442 976 485; x_wconf 86' lang='lat' dir='ltr'>et</span> <span class='ocrx_word' id='word_1_11' title='bbox 995 424 1084 485; x_wconf 85' lang='lat' dir='ltr'>etiam</span> <span class='ocrx_word' id='word_1_12' title='bbox 1105 427 1139 484; x_wconf 89' lang='lat' dir='ltr'>in</span> <span class='ocrx_word' id='word_1_13' title='bbox 1158 372 1246 492; x_wconf 61' lang='lat' dir='ltr'>lberea</span> 
     </span>
     <span class='ocr_line' id='line_1_3' title="bbox 93 496 1252 585; baseline 0.002 -22"><span class='ocrx_word' id='word_1_14' title='bbox 93 496 186 563; x_wconf 73' lang='lat' dir='ltr'>titisse</span> <span class='ocrx_word' id='word_1_15' title='bbox 210 496 383 572; x_wconf 76' lang='lat' dir='ltr'>nontiullos,</span> <span class='ocrx_word' id='word_1_16' title='bbox 404 504 481 561; x_wconf 90' lang='lat' dir='ltr'>inter</span> <span class='ocrx_word' id='word_1_17' title='bbox 503 522 573 585; x_wconf 91' lang='lat' dir='ltr'>quos</span> <span class='ocrx_word' id='word_1_18' title='bbox 583 508 749 564; x_wconf 88' lang='lat' dir='ltr'>Lactantius</span> <span class='ocrx_word' id='word_1_19' title='bbox 770 504 936 565; x_wconf 80' lang='lat' dir='ltr'>Firmianus</span> <span class='ocrx_word' id='word_1_20' title='bbox 950 513 958 575; x_wconf 63' lang='grc' dir='ltr'><em>ζ</em></span> <span class='ocrx_word' id='word_1_21' title='bbox 971 508 1023 585; x_wconf 82' lang='lat' dir='ltr'>qui</span> <span class='ocrx_word' id='word_1_22' title='bbox 1044 507 1252 585; x_wconf 66' lang='lat' dir='ltr'>potseutaiiit</span> 
     </span>
     <span class='ocr_line' id='line_1_4' title="bbox 96 582 1094 669; baseline 0 -26"><span class='ocrx_word' id='word_1_23' title='bbox 96 600 233 669; x_wconf 76' lang='lat' dir='ltr'>argentae</span> <span class='ocrx_word' id='word_1_24' title='bbox 255 587 357 643; x_wconf 89' lang='lat' dir='ltr'>aetatis</span> <span class='ocrx_word' id='word_1_25' title='bbox 380 602 439 641; x_wconf 89' lang='lat' dir='ltr'>non</span> <span class='ocrx_word' id='word_1_26' title='bbox 462 588 559 663; x_wconf 78' lang='lat' dir='ltr'><strong>paucis</strong></span> <span class='ocrx_word' id='word_1_27' title='bbox 581 582 731 665; x_wconf 85' lang='lat' dir='ltr'>praeferri.</span> <span class='ocrx_word' id='word_1_28' title='bbox 755 584 831 644; x_wconf 85' lang='lat' dir='ltr'>Vide</span> <span class='ocrx_word' id='word_1_29' title='bbox 852 585 971 644; x_wconf 77' lang='lat' dir='ltr'><em>Aetates</em></span> <span class='ocrx_word' id='word_1_30' title='bbox 992 606 1094 665; x_wconf 87' lang='lat' dir='ltr'>supra.</span> 
     </span>
    </p>

    <p class='ocr_par' dir='ltr' id='par_1_2' title="bbox 92 661 1249 903">
     <span class='ocr_line' id='line_1_5' title="bbox 142 661 1248 744; baseline 0.006 -25"><span class='ocrx_word' id='word_1_31' title='bbox 142 665 291 731; x_wconf 77' lang='lat' dir='ltr'><em>Aristides,</em></span> <span class='ocrx_word' id='word_1_32' title='bbox 306 661 511 732; x_wconf 81' lang='lat' dir='ltr'>Atheniensis,</span> <span class='ocrx_word' id='word_1_33' title='bbox 522 662 596 722; x_wconf 77' lang='lat' dir='ltr'>&#39;teste</span> <span class='ocrx_word' id='word_1_34' title='bbox 616 667 642 722; x_wconf 93' lang='lat' dir='ltr'>S.</span> <span class='ocrx_word' id='word_1_35' title='bbox 655 667 793 729; x_wconf 85' lang='lat' dir='ltr'>Hieron,</span> <span class='ocrx_word' id='word_1_36' title='bbox 805 667 850 723; x_wconf 81' lang='lat' dir='ltr'>tir</span> <span class='ocrx_word' id='word_1_37' title='bbox 870 666 1132 744; x_wconf 82' lang='lat' dir='ltr'>eloquentissimus,</span> <span class='ocrx_word' id='word_1_38' title='bbox 1151 665 1248 732; x_wconf 85' lang='lat' dir='ltr'>edidit</span> 
     </span>
     <span class='ocr_line' id='line_1_6' title="bbox 92 742 1246 827; baseline 0.002 -25"><span class='ocrx_word' id='word_1_39' title='bbox 92 743 273 827; x_wconf 75' lang='lat' dir='ltr'>Apologiam</span> <span class='ocrx_word' id='word_1_40' title='bbox 302 764 353 827; x_wconf 90' lang='lat' dir='ltr'>pro</span> <span class='ocrx_word' id='word_1_41' title='bbox 380 742 546 802; x_wconf 85' lang='lat' dir='ltr'>Christiana</span> <span class='ocrx_word' id='word_1_42' title='bbox 574 744 749 827; x_wconf 84' lang='lat' dir='ltr'>Religione,</span> <span class='ocrx_word' id='word_1_43' title='bbox 770 765 799 803; x_wconf 85' lang='lat' dir='ltr'>et</span> <span class='ocrx_word' id='word_1_44' title='bbox 820 766 883 804; x_wconf 66' lang='lat' dir='ltr'>mm</span> <span class='ocrx_word' id='word_1_45' title='bbox 916 742 1136 823; x_wconf 78' lang='lat' dir='ltr'>pr&#39;ofitentibus,</span> <span class='ocrx_word' id='word_1_46' title='bbox 1158 764 1246 824; x_wconf 77' lang='lat' dir='ltr'>quant</span> 
     </span>
     <span class='ocr_line' id='line_1_7' title="bbox 93 820 1249 903; baseline -0.001 -22"><span class='ocrx_word' id='word_1_47' title='bbox 93 823 216 892; x_wconf 88' lang='lat' dir='ltr'>obtulit,</span> <span class='ocrx_word' id='word_1_48' title='bbox 240 842 299 883; x_wconf 93' lang='lat' dir='ltr'>non</span> <span class='ocrx_word' id='word_1_49' title='bbox 321 824 384 882; x_wconf 88' lang='lat' dir='ltr'>sine</span> <span class='ocrx_word' id='word_1_50' title='bbox 404 820 506 887; x_wconf 88' lang='lat' dir='ltr'>fructu,</span> <span class='ocrx_word' id='word_1_51' title='bbox 522 820 652 881; x_wconf 75' lang='lat' dir='ltr'>Adriano</span> <span class='ocrx_word' id='word_1_52' title='bbox 664 824 850 903; x_wconf 78' lang='lat' dir='ltr'>Imperatori.</span> <span class='ocrx_word' id='word_1_53' title='bbox 873 827 951 882; x_wconf 77' lang='lat' dir='ltr'>Haec</span> <span class='ocrx_word' id='word_1_54' title='bbox 971 821 1113 899; x_wconf 80' lang='lat' dir='ltr'>Apologia</span> <span class='ocrx_word' id='word_1_55' title='bbox 1133 824 1224 887; x_wconf 82' lang='lat' dir='ltr'>desid.</span> <span class='ocrx_word' id='word_1_56' title='bbox 1245 848 1249 853; x_wconf 93' lang='lat'><em>·</em></span> 
     </span>
    </p>

    <p class='ocr_par' dir='ltr' id='par_1_3' title="bbox 91 900 1246 1141">
     <span class='ocr_line' id='line_1_8' title="bbox 141 900 1246 982; baseline 0.002 -24"><span class='ocrx_word' id='word_1_57' title='bbox 141 902 249 971; x_wconf 74' lang='lat' dir='ltr'>Aristo,</span> <span class='ocrx_word' id='word_1_58' title='bbox 262 903 487 967; x_wconf 77' lang='lat' dir='ltr'>Iurisconsultus</span> <span class='ocrx_word' id='word_1_59' title='bbox 506 902 635 961; x_wconf 89' lang='lat' dir='ltr'>laudatus</span> <span class='ocrx_word' id='word_1_60' title='bbox 656 902 780 963; x_wconf 89' lang='lat' dir='ltr'>aPlinio</span> <span class='ocrx_word' id='word_1_61' title='bbox 793 904 898 963; x_wconf 85' lang='lat' dir='ltr'>Caecil.</span> <span class='ocrx_word' id='word_1_62' title='bbox 909 904 942 959; x_wconf 93' lang='lat' dir='ltr'>in</span> <span class='ocrx_word' id='word_1_63' title='bbox 957 903 1061 976; x_wconf 83' lang='lat' dir='ltr'>Epistr.</span> <span class='ocrx_word' id='word_1_64' title='bbox 1075 921 1107 966; x_wconf 92' lang='lat' dir='ltr'>ut</span> <span class='ocrx_word' id='word_1_65' title='bbox 1119 900 1185 960; x_wconf 86' lang='lat' dir='ltr'>fons</span> <span class='ocrx_word' id='word_1_66' title='bbox 1196 919 1246 982; x_wconf 87' lang='lat' dir='ltr'>pu·</span> 
     </span>
     <span class='ocr_line' id='line_1_9' title="bbox 92 981 1242 1068; baseline 0.004 -28"><span class='ocrx_word' id='word_1_67' title='bbox 92 982 166 1041; x_wconf 90' lang='lat' dir='ltr'>blici</span> <span class='ocrx_word' id='word_1_68' title='bbox 180 984 342 1068; x_wconf 77' lang='lat' dir='ltr'>privatique</span> <span class='ocrx_word' id='word_1_69' title='bbox 354 981 440 1046; x_wconf 86' lang='lat' dir='ltr'>luris,</span> <span class='ocrx_word' id='word_1_70' title='bbox 450 1000 482 1040; x_wconf 91' lang='lat' dir='ltr'>ac</span> <span class='ocrx_word' id='word_1_71' title='bbox 502 984 619 1061; x_wconf 81' lang='lat' dir='ltr'>insuper</span> <span class='ocrx_word' id='word_1_72' title='bbox 637 988 811 1067; x_wconf 80' lang='lat' dir='ltr'>omnigenae</span> <span class='ocrx_word' id='word_1_73' title='bbox 832 984 996 1051; x_wconf 73' lang='lat' dir='ltr'>docuisse,</span> <span class='ocrx_word' id='word_1_74' title='bbox 1008 999 1038 1041; x_wconf 91' lang='lat' dir='ltr'>et</span> <span class='ocrx_word' id='word_1_75' title='bbox 1050 981 1242 1049; x_wconf 75' lang='lat' dir='ltr'>erudiuonr‘r,</span> 
     </span>
     <span class='ocr_line' id='line_1_10' title="bbox 91 1062 681 1141; baseline 0 -20"><span class='ocrx_word' id='word_1_76' title='bbox 91 1063 166 1141; x_wconf 81' lang='lat' dir='ltr'>Ejus</span> <span class='ocrx_word' id='word_1_77' title='bbox 188 1064 252 1119; x_wconf 82' lang='lat'>00.</span> <span class='ocrx_word' id='word_1_78' title='bbox 277 1081 336 1131; x_wconf 78' lang='lat' dir='ltr'>non</span> <span class='ocrx_word' id='word_1_79' title='bbox 358 1078 489 1131; x_wconf 83' lang='lat' dir='ltr'>exstant,</span> <span class='ocrx_word' id='word_1_80' title='bbox 508 1062 554 1119; x_wconf 85' lang='lat' dir='ltr'>rel</span> <span class='ocrx_word' id='word_1_81' title='bbox 574 1062 681 1121; x_wconf 90' lang='lat' dir='ltr'>latent.</span> 
     </span>
    </p>

    <p class='ocr_par' dir='ltr' id='par_1_4' title="bbox 92 1138 1249 1379">
     <span class='ocr_line' id='line_1_11' title="bbox 106 1138 1244 1223; baseline 0.003 -26"><span class='ocrx_word' id='word_1_82' title='bbox 106 1147 109 1153; x_wconf 90' lang='lat'>&#39;</span> <span class='ocrx_word' id='word_1_83' title='bbox 124 1140 303 1209; x_wconf 66' lang='lat' dir='ltr'>Aristocles,</span> <span class='ocrx_word' id='word_1_84' title='bbox 313 1140 492 1223; x_wconf 71' lang='lat' dir='ltr'>&#39;Megarensis</span> <span class='ocrx_word' id='word_1_85' title='bbox 504 1139 638 1220; x_wconf 86' lang='lat' dir='ltr'>Sophista</span> <span class='ocrx_word' id='word_1_86' title='bbox 651 1140 703 1201; x_wconf 91' lang='lat' dir='ltr'>sub</span> <span class='ocrx_word' id='word_1_87' title='bbox 712 1144 856 1218; x_wconf 80' lang='lat' dir='ltr'>Traiano,</span> <span class='ocrx_word' id='word_1_88' title='bbox 870 1138 1040 1199; x_wconf 86' lang='lat' dir='ltr'>etAdriano</span> <span class='ocrx_word' id='word_1_89' title='bbox 1049 1138 1244 1213; x_wconf 44' lang='lat' dir='ltr'>,terestrium</span> 
     </span>
     <span class='ocr_line' id='line_1_12' title="bbox 93 1216 1249 1299; baseline 0 -20"><span class='ocrx_word' id='word_1_90' title='bbox 93 1220 218 1279; x_wconf 77' lang='lat' dir='ltr'>deArre</span> <span class='ocrx_word' id='word_1_91' title='bbox 240 1222 369 1280; x_wconf 80' lang='lat' dir='ltr'>oratorio</span> <span class='ocrx_word' id='word_1_92' title='bbox 390 1221 525 1299; x_wconf 84' lang='lat' dir='ltr'>scripsit,</span> <span class='ocrx_word' id='word_1_93' title='bbox 547 1239 579 1279; x_wconf 92' lang='lat' dir='ltr'>ut</span> <span class='ocrx_word' id='word_1_94' title='bbox 600 1223 689 1281; x_wconf 90' lang='lat' dir='ltr'>etiam</span> <span class='ocrx_word' id='word_1_95' title='bbox 718 1222 881 1298; x_wconf 81' lang='lat' dir='ltr'>Epistulas,</span> <span class='ocrx_word' id='word_1_96' title='bbox 900 1238 931 1279; x_wconf 91' lang='lat' dir='ltr'>et</span> <span class='ocrx_word' id='word_1_97' title='bbox 958 1221 1186 1281; x_wconf 82' lang='lat' dir='ltr'>Declarrrart‘urres</span> <span class='ocrx_word' id='word_1_98' title='bbox 1205 1216 1249 1287; x_wconf 78' lang='lat' dir='ltr'>ad</span> 
     </span>
     <span class='ocr_line' id='line_1_13' title="bbox 92 1299 657 1379; baseline -0.004 -19"><span class='ocrx_word' id='word_1_99' title='bbox 92 1302 302 1379; x_wconf 77' lang='lat' dir='ltr'>Imperatores,</span> <span class='ocrx_word' id='word_1_100' title='bbox 322 1318 392 1378; x_wconf 82' lang='lat' dir='ltr'>qnae</span> <span class='ocrx_word' id='word_1_101' title='bbox 412 1300 513 1357; x_wconf 90' lang='lat' dir='ltr'>omnia</span> <span class='ocrx_word' id='word_1_102' title='bbox 527 1299 619 1358; x_wconf 90' lang='lat' dir='ltr'>desid.</span> <span class='ocrx_word' id='word_1_103' title='bbox 655 1303 657 1309; x_wconf 86' lang='grc'><strong>’</strong></span> 
     </span>
    </p>

    <p class='ocr_par' dir='ltr' id='par_1_5' title="bbox 88 1374 1250 1681">
     <span class='ocr_line' id='line_1_14' title="bbox 134 1374 1242 1460; baseline 0.004 -25"><span class='ocrx_word' id='word_1_104' title='bbox 134 1380 296 1437; x_wconf 79' lang='lat' dir='ltr'>Aristocras</span> <span class='ocrx_word' id='word_1_105' title='bbox 316 1384 327 1455; x_wconf 70' lang='lat' dir='ltr'>l</span> <span class='ocrx_word' id='word_1_106' title='bbox 340 1378 493 1437; x_wconf 80' lang='lat' dir='ltr'>Petronius</span> <span class='ocrx_word' id='word_1_107' title='bbox 505 1378 626 1460; x_wconf 80' lang='lat' dir='ltr'>Magnes</span> <span class='ocrx_word' id='word_1_108' title='bbox 640 1378 668 1454; x_wconf 63' lang='lat' dir='ltr'>i,</span> <span class='ocrx_word' id='word_1_109' title='bbox 684 1374 898 1460; x_wconf 84' lang='lat' dir='ltr'>Philosophus,</span> <span class='ocrx_word' id='word_1_110' title='bbox 911 1377 1050 1448; x_wconf 87' lang='lat' dir='ltr'>Cornuti,</span> <span class='ocrx_word' id='word_1_111' title='bbox 1071 1378 1163 1446; x_wconf 86' lang='lat' dir='ltr'>Persii</span> <span class='ocrx_word' id='word_1_112' title='bbox 1184 1394 1242 1441; x_wconf 77' lang='lat' dir='ltr'>ma·</span> 
     </span>
     <span class='ocr_line' id='line_1_15' title="bbox 88 1454 1244 1540; baseline -0.001 -25"><span class='ocrx_word' id='word_1_113' title='bbox 88 1454 408 1540; x_wconf 80' lang='lat' dir='ltr'>gistri,familiaris‚et&#39;</span> <span class='ocrx_word' id='word_1_114' title='bbox 429 1459 554 1517; x_wconf 86' lang='lat' dir='ltr'>amicus.</span> <span class='ocrx_word' id='word_1_115' title='bbox 571 1458 641 1536; x_wconf 79' lang='lat' dir='ltr'>Ejus</span> <span class='ocrx_word' id='word_1_116' title='bbox 661 1457 826 1518; x_wconf 82' lang='lat' dir='ltr'>doctrinam</span> <span class='ocrx_word' id='word_1_117' title='bbox 849 1456 931 1518; x_wconf 86' lang='lat' dir='ltr'>valde</span> <span class='ocrx_word' id='word_1_118' title='bbox 949 1458 1171 1523; x_wconf 84' lang='lat' dir='ltr'>commendabat</span> <span class='ocrx_word' id='word_1_119' title='bbox 1179 1460 1244 1518; x_wconf 63' lang='lat' dir='ltr'>Pet«</span> 
     </span>
     <span class='ocr_line' id='line_1_16' title="bbox 89 1536 1250 1617; baseline -0.003 -21"><span class='ocrx_word' id='word_1_120' title='bbox 89 1542 173 1606; x_wconf 89' lang='lat' dir='ltr'>sius,</span> <span class='ocrx_word' id='word_1_121' title='bbox 194 1540 245 1617; x_wconf 87' lang='lat' dir='ltr'>qui</span> <span class='ocrx_word' id='word_1_122' title='bbox 267 1558 346 1617; x_wconf 85' lang='lat' dir='ltr'>saepe</span> <span class='ocrx_word' id='word_1_123' title='bbox 367 1556 432 1596; x_wconf 88' lang='lat' dir='ltr'>eunt</span> <span class='ocrx_word' id='word_1_124' title='bbox 454 1540 485 1597; x_wconf 92' lang='lat' dir='ltr'>in</span> <span class='ocrx_word' id='word_1_125' title='bbox 507 1540 633 1598; x_wconf 91' lang='lat' dir='ltr'>Cornuti</span> <span class='ocrx_word' id='word_1_126' title='bbox 652 1536 770 1599; x_wconf 87' lang='lat' dir='ltr'>aedibus</span> <span class='ocrx_word' id='word_1_127' title='bbox 789 1540 977 1599; x_wconf 80' lang='lat' dir='ltr'>disserentem</span> <span class='ocrx_word' id='word_1_128' title='bbox 990 1536 1142 1599; x_wconf 84' lang='lat' dir='ltr'>audiebat.</span> <span class='ocrx_word' id='word_1_129' title='bbox 1162 1537 1250 1604; x_wconf 55' lang='grc' dir='ltr'>νὼ.</span> 
     </span>
     <span class='ocr_line' id='line_1_17' title="bbox 88 1617 436 1681; baseline -0.006 -6"><span class='ocrx_word' id='word_1_130' title='bbox 88 1618 218 1675; x_wconf 72' lang='lat' dir='ltr'>sustin</span> <span class='ocrx_word' id='word_1_131' title='bbox 238 1617 329 1674; x_wconf 86' lang='lat' dir='ltr'>Persii</span> <span class='ocrx_word' id='word_1_132' title='bbox 356 1618 436 1681; x_wconf 76' lang='lat' dir='ltr'>Vita,</span> 
     </span>
    </p>

    <p class='ocr_par' dir='ltr' id='par_1_6' title="bbox 89 1688 1246 2015">
     <span class='ocr_line' id='line_1_18' title="bbox 132 1688 1246 1779; baseline 0.001 -27"><span class='ocrx_word' id='word_1_133' title='bbox 132 1696 307 1753; x_wconf 81' lang='lat' dir='ltr'>Aristotelici</span> <span class='ocrx_word' id='word_1_134' title='bbox 323 1694 495 1779; x_wconf 83' lang='lat' dir='ltr'>Philosophi</span> <span class='ocrx_word' id='word_1_135' title='bbox 518 1712 577 1755; x_wconf 88' lang='lat' dir='ltr'>non</span> <span class='ocrx_word' id='word_1_136' title='bbox 599 1694 681 1776; x_wconf 87' lang='lat' dir='ltr'>pauci</span> <span class='ocrx_word' id='word_1_137' title='bbox 702 1718 737 1757; x_wconf 86' lang='lat' dir='ltr'>ex</span> <span class='ocrx_word' id='word_1_138' title='bbox 745 1696 889 1757; x_wconf 83' lang='lat' dir='ltr'>Romanis</span> <span class='ocrx_word' id='word_1_139' title='bbox 900 1694 1030 1778; x_wconf 86' lang='lat' dir='ltr'>antiquis</span> <span class='ocrx_word' id='word_1_140' title='bbox 1043 1688 1175 1756; x_wconf 63' lang='lat' dir='ltr'>haunt.</span> <span class='ocrx_word' id='word_1_141' title='bbox 1187 1691 1246 1753; x_wconf 78' lang='lat' dir='ltr'>Pe·</span> 
     </span>
     <span class='ocr_line' id='line_1_19' title="bbox 89 1772 1246 1869; baseline 0.005 -38"><span class='ocrx_word' id='word_1_142' title='bbox 89 1776 231 1847; x_wconf 78' lang='lat' dir='ltr'>ripaterict&#39;</span> <span class='ocrx_word' id='word_1_143' title='bbox 260 1772 447 1842; x_wconf 83' lang='lat' dir='ltr'>dicebantur;</span> <span class='ocrx_word' id='word_1_144' title='bbox 467 1779 535 1869; x_wconf 77' lang='lat' dir='ltr'>quia</span> <span class='ocrx_word' id='word_1_145' title='bbox 562 1776 737 1836; x_wconf 87' lang='lat' dir='ltr'>ambulando</span> <span class='ocrx_word' id='word_1_146' title='bbox 765 1777 978 1857; x_wconf 87' lang='lat' dir='ltr'>disputabant.</span> <span class='ocrx_word' id='word_1_147' title='bbox 1007 1778 1068 1835; x_wconf 87' lang='lat' dir='ltr'>Cic.</span> <span class='ocrx_word' id='word_1_148' title='bbox 1089 1776 1136 1832; x_wconf 84' lang='lat' dir='ltr'>lib.</span> <span class='ocrx_word' id='word_1_149' title='bbox 1158 1776 1246 1842; x_wconf 57' lang='lat' dir='ltr'>avda</span> 
     </span>
     <span class='ocr_line' id='line_1_20' title="bbox 90 1850 1241 1933; baseline 0.003 -24"><span class='ocrx_word' id='word_1_150' title='bbox 90 1851 149 1930; x_wconf 72' lang='lat' dir='ltr'>Off.</span> <span class='ocrx_word' id='word_1_151' title='bbox 167 1868 190 1913; x_wconf 87' lang='lat' dir='ltr'>c.</span> <span class='ocrx_word' id='word_1_152' title='bbox 204 1874 231 1915; x_wconf 80' lang='lat' dir='ltr'>a.</span> <span class='ocrx_word' id='word_1_153' title='bbox 248 1858 299 1919; x_wconf 90' lang='lat' dir='ltr'>ait,</span> <span class='ocrx_word' id='word_1_154' title='bbox 309 1857 426 1926; x_wconf 83' lang='lat' dir='ltr'>eosdem</span> <span class='ocrx_word' id='word_1_155' title='bbox 444 1860 518 1915; x_wconf 79' lang='lat' dir='ltr'>olunt</span> <span class='ocrx_word' id='word_1_156' title='bbox 539 1865 604 1915; x_wconf 80' lang='lat' dir='ltr'>cuni</span> <span class='ocrx_word' id='word_1_157' title='bbox 627 1856 811 1915; x_wconf 78' lang='lat' dir='ltr'>Academicis</span> <span class='ocrx_word' id='word_1_158' title='bbox 831 1851 938 1915; x_wconf 85' lang='lat' dir='ltr'>fuisse:</span> <span class='ocrx_word' id='word_1_159' title='bbox 959 1855 1039 1933; x_wconf 83' lang='lat' dir='ltr'>quod</span> <span class='ocrx_word' id='word_1_160' title='bbox 1057 1852 1177 1913; x_wconf 69' lang='lat' dir='ltr'>fomute</span> <span class='ocrx_word' id='word_1_161' title='bbox 1196 1850 1241 1912; x_wconf 82' lang='lat' dir='ltr'>di·</span> 
     </span>
     <span class='ocr_line' id='line_1_21' title="bbox 89 1927 1077 2015; baseline -0.002 -23"><span class='ocrx_word' id='word_1_162' title='bbox 89 1936 154 2008; x_wconf 81' lang='lat' dir='ltr'>cit,</span> <span class='ocrx_word' id='word_1_163' title='bbox 176 1937 244 2015; x_wconf 90' lang='lat' dir='ltr'>quia</span> <span class='ocrx_word' id='word_1_164' title='bbox 265 1954 363 2011; x_wconf 85' lang='lat' dir='ltr'>eorum</span> <span class='ocrx_word' id='word_1_165' title='bbox 384 1938 494 1999; x_wconf 84' lang='lat' dir='ltr'>Auctor</span> <span class='ocrx_word' id='word_1_166' title='bbox 516 1932 688 2003; x_wconf 81' lang='lat' dir='ltr'>Aristoteles</span> <span class='ocrx_word' id='word_1_167' title='bbox 709 1936 840 1994; x_wconf 81' lang='lat' dir='ltr'>Platonis</span> <span class='ocrx_word' id='word_1_168' title='bbox 864 1934 980 1993; x_wconf 86' lang='lat' dir='ltr'>auditor</span> <span class='ocrx_word' id='word_1_169' title='bbox 999 1927 1077 1991; x_wconf 82' lang='lat' dir='ltr'>fuit.</span> 
     </span>
    </p>

    <p class='ocr_par' dir='ltr' id='par_1_7' title="bbox 88 2005 1242 2176">
     <span class='ocr_line' id='line_1_22' title="bbox 130 2005 1242 2098; baseline -0.003 -27"><span class='ocrx_word' id='word_1_170' title='bbox 130 2006 248 2071; x_wconf 77' lang='lat' dir='ltr'>Aristus</span> <span class='ocrx_word' id='word_1_171' title='bbox 268 2014 425 2098; x_wconf 85' lang='lat' dir='ltr'>Chirurgus</span> <span class='ocrx_word' id='word_1_172' title='bbox 437 2060 444 2081; x_wconf 89' lang='lat'>,</span> <span class='ocrx_word' id='word_1_173' title='bbox 457 2016 508 2097; x_wconf 90' lang='lat' dir='ltr'>qui</span> <span class='ocrx_word' id='word_1_174' title='bbox 521 2016 556 2075; x_wconf 92' lang='lat' dir='ltr'>de</span> <span class='ocrx_word' id='word_1_175' title='bbox 577 2033 636 2074; x_wconf 85' lang='lat' dir='ltr'>arte</span> <span class='ocrx_word' id='word_1_176' title='bbox 649 2034 698 2073; x_wconf 90' lang='lat' dir='ltr'>sua</span> <span class='ocrx_word' id='word_1_177' title='bbox 718 2015 843 2095; x_wconf 85' lang='lat' dir='ltr'>scripsit,</span> <span class='ocrx_word' id='word_1_178' title='bbox 854 2014 960 2072; x_wconf 87' lang='lat' dir='ltr'>citatur</span> <span class='ocrx_word' id='word_1_179' title='bbox 979 2008 1018 2071; x_wconf 82' lang='lat' dir='ltr'>ab</span> <span class='ocrx_word' id='word_1_180' title='bbox 1027 2006 1179 2071; x_wconf 84' lang='lat' dir='ltr'>Scribonio</span> <span class='ocrx_word' id='word_1_181' title='bbox 1191 2005 1242 2069; x_wconf 87' lang='lat' dir='ltr'>lat·</span> 
     </span>
     <span class='ocr_line' id='line_1_23' title="bbox 88 2092 1127 2176; baseline 0.014 -28"><span class='ocrx_word' id='word_1_182' title='bbox 88 2094 271 2175; x_wconf 59' lang='lat' dir='ltr'>gmhledico</span> <span class='ocrx_word' id='word_1_183' title='bbox 292 2096 404 2176; x_wconf 83' lang='lat' dir='ltr'>insigni</span> <span class='ocrx_word' id='word_1_184' title='bbox 429 2096 516 2155; x_wconf 85' lang='lat' dir='ltr'>Rom.</span> <span class='ocrx_word' id='word_1_185' title='bbox 537 2092 540 2099; x_wconf 75' lang='lat'>&#39;</span> <span class='ocrx_word' id='word_1_186' title='bbox 1123 2121 1127 2127; x_wconf 89' lang='grc'>·</span> 
     </span>
    </p>

    <p class='ocr_par' dir='ltr' id='par_1_8' title="bbox 88 2166 1240 2332">
     <span class='ocr_line' id='line_1_24' title="bbox 130 2166 1240 2257; baseline -0.001 -27"><span class='ocrx_word' id='word_1_187' title='bbox 130 2172 319 2230; x_wconf 81' lang='lat' dir='ltr'>Arithmerica</span> <span class='ocrx_word' id='word_1_188' title='bbox 339 2193 381 2232; x_wconf 87' lang='lat' dir='ltr'>ars</span> <span class='ocrx_word' id='word_1_189' title='bbox 403 2195 505 2257; x_wconf 80' lang='lat' dir='ltr'>magna</span> <span class='ocrx_word' id='word_1_190' title='bbox 524 2176 606 2245; x_wconf 86' lang='lat' dir='ltr'>cura,</span> <span class='ocrx_word' id='word_1_191' title='bbox 621 2192 654 2235; x_wconf 87' lang='lat' dir='ltr'>ut</span> <span class='ocrx_word' id='word_1_192' title='bbox 674 2189 792 2246; x_wconf 79' lang='lat' dir='ltr'>testatur</span> <span class='ocrx_word' id='word_1_193' title='bbox 809 2168 927 2235; x_wconf 67' lang='lat' dir='ltr'>&#39;nmis</span> <span class='ocrx_word' id='word_1_194' title='bbox 949 2166 1080 2249; x_wconf 81' lang='lat' dir='ltr'>Satyris.</span> <span class='ocrx_word' id='word_1_195' title='bbox 1098 2187 1116 2229; x_wconf 82' lang='lat' dir='ltr'>a</span> <span class='ocrx_word' id='word_1_196' title='bbox 1134 2166 1240 2229; x_wconf 78' lang='lat' dir='ltr'>Roma·</span> 
     </span>
     <span class='ocr_line' id='line_1_25' title="bbox 88 2252 493 2332; baseline 0.007 -21"><span class='ocrx_word' id='word_1_197' title='bbox 88 2253 140 2311; x_wconf 85' lang='lat' dir='ltr'>nis</span> <span class='ocrx_word' id='word_1_198' title='bbox 164 2254 258 2332; x_wconf 89' lang='lat' dir='ltr'>pueris</span> <span class='ocrx_word' id='word_1_199' title='bbox 279 2252 493 2313; x_wconf 86' lang='lat' dir='ltr'>addiscebatut.</span> 
     </span>
    </p>

    <p class='ocr_par' dir='ltr' id='par_1_9' title="bbox 78 2319 1248 3767">
     <span class='ocr_line' id='line_1_26' title="bbox 129 2319 1241 2416; baseline 0.002 -27"><span class='ocrx_word' id='word_1_200' title='bbox 129 2331 236 2401; x_wconf 84' lang='lat' dir='ltr'>Arius,</span> <span class='ocrx_word' id='word_1_201' title='bbox 259 2334 379 2393; x_wconf 87' lang='lat' dir='ltr'>natione</span> <span class='ocrx_word' id='word_1_202' title='bbox 391 2330 460 2393; x_wconf 87' lang='lat' dir='ltr'>Afer</span> <span class='ocrx_word' id='word_1_203' title='bbox 481 2332 604 2413; x_wconf 82' lang='lat' dir='ltr'>Lybicus</span> <span class='ocrx_word' id='word_1_204' title='bbox 618 2377 624 2403; x_wconf 88' lang='lat'>‚</span> <span class='ocrx_word' id='word_1_205' title='bbox 638 2332 712 2392; x_wconf 87' lang='lat' dir='ltr'>Eccl.</span> <span class='ocrx_word' id='word_1_206' title='bbox 735 2329 948 2416; x_wconf 79' lang='lat' dir='ltr'>Alexandrinae</span> <span class='ocrx_word' id='word_1_207' title='bbox 966 2325 1133 2409; x_wconf 83' lang='lat' dir='ltr'>Presbyter,</span> <span class='ocrx_word' id='word_1_208' title='bbox 1146 2319 1241 2391; x_wconf 73' lang='lat' dir='ltr'>infru</span> 
     </span>
     <span class='ocr_line' id='line_1_27' title="bbox 85 2408 1237 2480; baseline -0.005 -9"><span class='ocrx_word' id='word_1_209' title='bbox 85 2412 221 2473; x_wconf 87' lang='lat' dir='ltr'>sissimus</span> <span class='ocrx_word' id='word_1_210' title='bbox 245 2412 357 2471; x_wconf 85' lang='lat' dir='ltr'>Christi</span> <span class='ocrx_word' id='word_1_211' title='bbox 379 2408 436 2471; x_wconf 88' lang='lat' dir='ltr'>filii</span> <span class='ocrx_word' id='word_1_212' title='bbox 458 2412 514 2471; x_wconf 86' lang='lat' dir='ltr'>Dei</span> <span class='ocrx_word' id='word_1_213' title='bbox 535 2414 704 2473; x_wconf 80' lang='lat' dir='ltr'>divinitatis</span> <span class='ocrx_word' id='word_1_214' title='bbox 724 2411 837 2480; x_wconf 87' lang='lat' dir='ltr'>hostis,</span> <span class='ocrx_word' id='word_1_215' title='bbox 860 2429 890 2471; x_wconf 78' lang='lat' dir='ltr'>et</span> <span class='ocrx_word' id='word_1_216' title='bbox 910 2411 1074 2477; x_wconf 71' lang='lat' dir='ltr'>Asitnitmi</span> <span class='ocrx_word' id='word_1_217' title='bbox 1091 2427 1151 2475; x_wconf 72' lang='lat' dir='ltr'>ua</span> <span class='ocrx_word' id='word_1_218' title='bbox 1170 2424 1237 2471; x_wconf 77' lang='lat' dir='ltr'>cum</span> 
     </span>
     <span class='ocr_line' id='line_1_28' title="bbox 85 2488 1243 2560; baseline 0.003 -9"><span class='ocrx_word' id='word_1_219' title='bbox 85 2492 215 2551; x_wconf 83' lang='lat' dir='ltr'>Eusebio</span> <span class='ocrx_word' id='word_1_220' title='bbox 242 2492 463 2551; x_wconf 88' lang='lat' dir='ltr'>Nicomediensi</span> <span class='ocrx_word' id='word_1_221' title='bbox 485 2494 614 2552; x_wconf 90' lang='lat' dir='ltr'>Praesule</span> <span class='ocrx_word' id='word_1_222' title='bbox 635 2498 766 2552; x_wconf 84' lang='lat' dir='ltr'>Auctor.</span> <span class='ocrx_word' id='word_1_223' title='bbox 786 2489 932 2560; x_wconf 83' lang='lat' dir='ltr'>Docebat,</span> <span class='ocrx_word' id='word_1_224' title='bbox 953 2488 1048 2551; x_wconf 82' lang='lat' dir='ltr'>tolum</span> <span class='ocrx_word' id='word_1_225' title='bbox 1069 2490 1183 2553; x_wconf 73' lang='lat' dir='ltr'>Patrem</span> <span class='ocrx_word' id='word_1_226' title='bbox 1202 2489 1243 2553; x_wconf 57' lang='lat' dir='ltr'>fib</span> 
     </span>
     <span class='ocr_line' id='line_1_29' title="bbox 84 2566 1236 2649; baseline 0.002 -17"><span class='ocrx_word' id='word_1_227' title='bbox 84 2566 237 2632; x_wconf 87' lang='lat' dir='ltr'>Trinitate</span> <span class='ocrx_word' id='word_1_228' title='bbox 257 2590 316 2629; x_wconf 88' lang='lat' dir='ltr'>esse</span> <span class='ocrx_word' id='word_1_229' title='bbox 338 2591 436 2633; x_wconf 85' lang='lat' dir='ltr'>retunt</span> <span class='ocrx_word' id='word_1_230' title='bbox 457 2573 573 2631; x_wconf 85' lang='lat' dir='ltr'>Deum.</span> <span class='ocrx_word' id='word_1_231' title='bbox 594 2572 663 2647; x_wconf 79' lang='lat' dir='ltr'>Eius</span> <span class='ocrx_word' id='word_1_232' title='bbox 675 2588 824 2632; x_wconf 82' lang='lat' dir='ltr'>sectatores</span> <span class='ocrx_word' id='word_1_233' title='bbox 845 2574 998 2631; x_wconf 87' lang='lat' dir='ltr'>innumera</span> <span class='ocrx_word' id='word_1_234' title='bbox 1010 2568 1105 2649; x_wconf 79' lang='lat' dir='ltr'>Opera</span> <span class='ocrx_word' id='word_1_235' title='bbox 1124 2568 1236 2634; x_wconf 68' lang='lat' dir='ltr'>lurra.</span> 
     </span>
     <span class='ocr_line' id='line_1_30' title="bbox 85 2641 1239 2733; baseline 0.003 -25"><span class='ocrx_word' id='word_1_236' title='bbox 85 2669 118 2708; x_wconf 92' lang='lat' dir='ltr'>et</span> <span class='ocrx_word' id='word_1_237' title='bbox 139 2646 251 2733; x_wconf 70' lang='lat' dir='ltr'>linguis</span> <span class='ocrx_word' id='word_1_238' title='bbox 270 2650 336 2709; x_wconf 90' lang='lat' dir='ltr'>aliis</span> <span class='ocrx_word' id='word_1_239' title='bbox 355 2650 511 2711; x_wconf 85' lang='lat' dir='ltr'>ediderunt</span> <span class='ocrx_word' id='word_1_240' title='bbox 525 2654 560 2711; x_wconf 91' lang='lat' dir='ltr'>ad</span> <span class='ocrx_word' id='word_1_241' title='bbox 574 2670 658 2712; x_wconf 87' lang='lat' dir='ltr'>suum</span> <span class='ocrx_word' id='word_1_242' title='bbox 674 2672 796 2711; x_wconf 90' lang='lat' dir='ltr'>errorem</span> <span class='ocrx_word' id='word_1_243' title='bbox 808 2666 857 2732; x_wconf 89' lang='lat' dir='ltr'>per</span> <span class='ocrx_word' id='word_1_244' title='bbox 868 2652 1022 2711; x_wconf 80' lang='lat' dir='ltr'>Orientem</span> <span class='ocrx_word' id='word_1_245' title='bbox 1034 2691 1041 2718; x_wconf 90' lang='lat'>,</span> <span class='ocrx_word' id='word_1_246' title='bbox 1053 2665 1084 2709; x_wconf 83' lang='lat' dir='ltr'>ct</span> <span class='ocrx_word' id='word_1_247' title='bbox 1094 2641 1239 2710; x_wconf 76' lang='lat' dir='ltr'>occides.-</span> 
     </span>
     <span class='ocr_line' id='line_1_31' title="bbox 84 2720 1248 2813; baseline 0 -26"><span class='ocrx_word' id='word_1_248' title='bbox 84 2732 112 2787; x_wconf 90' lang='lat' dir='ltr'>ti</span> <span class='ocrx_word' id='word_1_249' title='bbox 133 2728 404 2791; x_wconf 88' lang='lat' dir='ltr'>disseminandum.</span> <span class='ocrx_word' id='word_1_250' title='bbox 423 2732 531 2791; x_wconf 88' lang='lat' dir='ltr'>Verum</span> <span class='ocrx_word' id='word_1_251' title='bbox 545 2730 611 2794; x_wconf 88' lang='lat' dir='ltr'>haec</span> <span class='ocrx_word' id='word_1_252' title='bbox 624 2734 718 2813; x_wconf 86' lang='lat' dir='ltr'>Opera</span> <span class='ocrx_word' id='word_1_253' title='bbox 731 2729 943 2791; x_wconf 89' lang='lat' dir='ltr'>interciderunt</span> <span class='ocrx_word' id='word_1_254' title='bbox 956 2725 1085 2807; x_wconf 79' lang='lat' dir='ltr'>exceptis</span> <span class='ocrx_word' id='word_1_255' title='bbox 1097 2720 1248 2807; x_wconf 57' lang='lat' dir='ltr'>fragmen«-</span> 
     </span>
     <span class='ocr_line' id='line_1_32' title="bbox 86 2803 1236 2893; baseline -0.001 -26"><span class='ocrx_word' id='word_1_256' title='bbox 86 2810 129 2868; x_wconf 87' lang='lat' dir='ltr'>t&#39;is</span> <span class='ocrx_word' id='word_1_257' title='bbox 151 2809 273 2888; x_wconf 88' lang='lat' dir='ltr'>aliquot,</span> <span class='ocrx_word' id='word_1_258' title='bbox 294 2829 365 2891; x_wconf 86' lang='lat' dir='ltr'>quae</span> <span class='ocrx_word' id='word_1_259' title='bbox 385 2810 520 2893; x_wconf 79' lang='lat' dir='ltr'>leguntur</span> <span class='ocrx_word' id='word_1_260' title='bbox 540 2813 572 2869; x_wconf 90' lang='lat' dir='ltr'>in</span> <span class='ocrx_word' id='word_1_261' title='bbox 586 2814 669 2869; x_wconf 88' lang='lat' dir='ltr'>Actis</span> <span class='ocrx_word' id='word_1_262' title='bbox 689 2810 890 2870; x_wconf 87' lang='lat' dir='ltr'>Conciliorum</span> <span class='ocrx_word' id='word_1_263' title='bbox 912 2826 941 2867; x_wconf 89' lang='lat' dir='ltr'>et</span> <span class='ocrx_word' id='word_1_264' title='bbox 954 2808 1074 2887; x_wconf 81' lang='lat' dir='ltr'>Scriptis</span> <span class='ocrx_word' id='word_1_265' title='bbox 1096 2803 1236 2873; x_wconf 75' lang='lat' dir='ltr'>Petrum.</span> 
     </span>
     <span class='ocr_line' id='line_1_33' title="bbox 83 2882 1236 2971; baseline 0 -24"><span class='ocrx_word' id='word_1_266' title='bbox 83 2890 138 2969; x_wconf 86' lang='lat' dir='ltr'>qui</span> <span class='ocrx_word' id='word_1_267' title='bbox 160 2890 285 2965; x_wconf 84' lang='lat' dir='ltr'>Atianos</span> <span class='ocrx_word' id='word_1_268' title='bbox 307 2890 529 2971; x_wconf 87' lang='lat' dir='ltr'>impugnarunt.</span> <span class='ocrx_word' id='word_1_269' title='bbox 550 2891 755 2950; x_wconf 87' lang='lat' dir='ltr'>Nihilominus</span> <span class='ocrx_word' id='word_1_270' title='bbox 776 2889 808 2948; x_wconf 90' lang='lat' dir='ltr'>in</span> <span class='ocrx_word' id='word_1_271' title='bbox 828 2904 933 2971; x_wconf 85' lang='lat' dir='ltr'>magna</span> <span class='ocrx_word' id='word_1_272' title='bbox 952 2885 1155 2946; x_wconf 86' lang='lat' dir='ltr'>Conciliotunt</span> <span class='ocrx_word' id='word_1_273' title='bbox 1171 2882 1236 2947; x_wconf 66' lang='lat' dir='ltr'>coi</span> 
     </span>
     <span class='ocr_line' id='line_1_34' title="bbox 83 2962 1237 3053; baseline -0.006 -27"><span class='ocrx_word' id='word_1_274' title='bbox 83 2968 228 3036; x_wconf 87' lang='lat' dir='ltr'>lectione,</span> <span class='ocrx_word' id='word_1_275' title='bbox 242 2987 291 3027; x_wconf 90' lang='lat' dir='ltr'>aut</span> <span class='ocrx_word' id='word_1_276' title='bbox 303 2970 335 3026; x_wconf 92' lang='lat' dir='ltr'>in</span> <span class='ocrx_word' id='word_1_277' title='bbox 345 2968 524 3029; x_wconf 82' lang='lat' dir='ltr'>Bibliotheca</span> <span class='ocrx_word' id='word_1_278' title='bbox 546 2972 601 3029; x_wconf 88' lang='lat' dir='ltr'>PP.</span> <span class='ocrx_word' id='word_1_279' title='bbox 615 2972 785 3053; x_wconf 77' lang='lat' dir='ltr'>impugnata</span> <span class='ocrx_word' id='word_1_280' title='bbox 807 2968 912 3052; x_wconf 82' lang='lat' dir='ltr'>legitur</span> <span class='ocrx_word' id='word_1_281' title='bbox 932 2962 1237 3049; x_wconf 76' lang='lat' dir='ltr'>integtaArt‘iEpitto·</span> 
     </span>
     <span class='ocr_line' id='line_1_35' title="bbox 84 3045 1233 3125; baseline -0.006 -19"><span class='ocrx_word' id='word_1_282' title='bbox 84 3047 111 3106; x_wconf 93' lang='lat' dir='ltr'>la</span> <span class='ocrx_word' id='word_1_283' title='bbox 134 3048 170 3106; x_wconf 90' lang='lat' dir='ltr'>ad</span> <span class='ocrx_word' id='word_1_284' title='bbox 184 3048 350 3117; x_wconf 84' lang='lat' dir='ltr'>Eusebium,</span> <span class='ocrx_word' id='word_1_285' title='bbox 373 3051 405 3107; x_wconf 92' lang='lat' dir='ltr'>ni</span> <span class='ocrx_word' id='word_1_286' title='bbox 425 3046 527 3118; x_wconf 86' lang='lat' dir='ltr'>fallor,</span> <span class='ocrx_word' id='word_1_287' title='bbox 549 3050 701 3110; x_wconf 50' lang='lat' dir='ltr'>Nicomede</span> <span class='ocrx_word' id='word_1_288' title='bbox 717 3050 799 3109; x_wconf 83' lang='lat' dir='ltr'>raldo</span> <span class='ocrx_word' id='word_1_289' title='bbox 821 3045 997 3110; x_wconf 62' lang='lat' dir='ltr'>vehemens.</span> <span class='ocrx_word' id='word_1_290' title='bbox 1016 3048 1050 3104; x_wconf 88' lang='lat' dir='ltr'>in</span> <span class='ocrx_word' id='word_1_291' title='bbox 1071 3063 1127 3125; x_wconf 88' lang='lat' dir='ltr'>qua</span> <span class='ocrx_word' id='word_1_292' title='bbox 1148 3056 1233 3109; x_wconf 82' lang='lat' dir='ltr'>suunt</span> 
     </span>
     <span class='ocr_line' id='line_1_36' title="bbox 82 3123 1240 3210; baseline 0 -25"><span class='ocrx_word' id='word_1_293' title='bbox 82 3146 208 3197; x_wconf 76' lang='lat' dir='ltr'>errorem</span> <span class='ocrx_word' id='word_1_294' title='bbox 231 3129 370 3187; x_wconf 87' lang='lat' dir='ltr'>inculcat.</span> <span class='ocrx_word' id='word_1_295' title='bbox 392 3128 456 3188; x_wconf 82' lang='lat' dir='ltr'>Arii</span> <span class='ocrx_word' id='word_1_296' title='bbox 469 3132 577 3210; x_wconf 84' lang='lat' dir='ltr'>Scripta</span> <span class='ocrx_word' id='word_1_297' title='bbox 597 3128 713 3189; x_wconf 89' lang='lat' dir='ltr'>fuerunt</span> <span class='ocrx_word' id='word_1_298' title='bbox 734 3129 926 3191; x_wconf 90' lang='lat' dir='ltr'>Constantini</span> <span class='ocrx_word' id='word_1_299' title='bbox 943 3129 986 3186; x_wconf 66' lang='lat' dir='ltr'>Me</span> <span class='ocrx_word' id='word_1_300' title='bbox 998 3131 1077 3203; x_wconf 85' lang='lat' dir='ltr'>jussu</span> <span class='ocrx_word' id='word_1_301' title='bbox 1096 3123 1162 3206; x_wconf 77' lang='lat' dir='ltr'>igni</span> <span class='ocrx_word' id='word_1_302' title='bbox 1180 3139 1240 3185; x_wconf 72' lang='lat' dir='ltr'>tra·</span> 
     </span>
     <span class='ocr_line' id='line_1_37' title="bbox 82 3208 1233 3285; baseline 0.002 -22"><span class='ocrx_word' id='word_1_303' title='bbox 82 3208 148 3264; x_wconf 88' lang='lat' dir='ltr'>dita</span> <span class='ocrx_word' id='word_1_304' title='bbox 169 3225 235 3285; x_wconf 92' lang='lat' dir='ltr'>post</span> <span class='ocrx_word' id='word_1_305' title='bbox 255 3208 417 3267; x_wconf 89' lang='lat' dir='ltr'>Nicaenum</span> <span class='ocrx_word' id='word_1_306' title='bbox 439 3210 606 3269; x_wconf 82' lang='lat' dir='ltr'>Concilium</span> <span class='ocrx_word' id='word_1_307' title='bbox 633 3228 656 3270; x_wconf 88' lang='lat' dir='ltr'>r.</span> <span class='ocrx_word' id='word_1_308' title='bbox 670 3208 837 3270; x_wconf 57' lang='lat' dir='ltr'>arrL&#39;Chr‘ist.</span> <span class='ocrx_word' id='word_1_309' title='bbox 856 3222 947 3283; x_wconf 61' lang='grc' dir='ltr'>μμ</span> <span class='ocrx_word' id='word_1_310' title='bbox 973 3222 1036 3282; x_wconf 79' lang='lat'>300.</span> <span class='ocrx_word' id='word_1_311' title='bbox 1048 3250 1056 3273; x_wconf 91' lang='lat'>,</span> <span class='ocrx_word' id='word_1_312' title='bbox 1070 3222 1107 3267; x_wconf 68' lang='lat' dir='ltr'>et,</span> <span class='ocrx_word' id='word_1_313' title='bbox 1119 3222 1153 3262; x_wconf 87' lang='lat' dir='ltr'>eo</span> <span class='ocrx_word' id='word_1_314' title='bbox 1174 3221 1233 3265; x_wconf 86' lang='lat' dir='ltr'>am·</span> 
     </span>
     <span class='ocr_line' id='line_1_38' title="bbox 82 3278 1236 3367; baseline 0.003 -24"><span class='ocrx_word' id='word_1_315' title='bbox 82 3286 175 3365; x_wconf 85' lang='lat' dir='ltr'>plius,</span> <span class='ocrx_word' id='word_1_316' title='bbox 197 3286 329 3346; x_wconf 86' lang='lat' dir='ltr'>Patribus</span> <span class='ocrx_word' id='word_1_317' title='bbox 348 3289 587 3357; x_wconf 84' lang='lat' dir='ltr'>celebratum,in</span> <span class='ocrx_word' id='word_1_318' title='bbox 609 3308 666 3367; x_wconf 87' lang='lat' dir='ltr'>quo</span> <span class='ocrx_word' id='word_1_319' title='bbox 688 3287 750 3346; x_wconf 81' lang='lat' dir='ltr'>Arii</span> <span class='ocrx_word' id='word_1_320' title='bbox 770 3288 905 3347; x_wconf 81' lang='lat' dir='ltr'>doctrina</span> <span class='ocrx_word' id='word_1_321' title='bbox 935 3284 991 3345; x_wconf 87' lang='lat' dir='ltr'>fuit</span> <span class='ocrx_word' id='word_1_322' title='bbox 1018 3285 1153 3346; x_wconf 79' lang='lat' dir='ltr'>damnata</span> <span class='ocrx_word' id='word_1_323' title='bbox 1181 3278 1236 3347; x_wconf 76' lang='lat' dir='ltr'>sub</span> 
     </span>
     <span class='ocr_line' id='line_1_39' title="bbox 80 3361 1232 3441; baseline -0.004 -19"><span class='ocrx_word' id='word_1_324' title='bbox 80 3368 106 3441; x_wconf 68' lang='lat' dir='ltr'>S¹⁴</span> <span class='ocrx_word' id='word_1_325' title='bbox 121 3366 260 3424; x_wconf 84' lang='lat' dir='ltr'>Silvestro</span> <span class='ocrx_word' id='word_1_326' title='bbox 280 3368 367 3425; x_wconf 87' lang='lat' dir='ltr'>Rom.</span> <span class='ocrx_word' id='word_1_327' title='bbox 383 3372 468 3428; x_wconf 82' lang='lat' dir='ltr'>Pout.</span> <span class='ocrx_word' id='word_1_328' title='bbox 480 3370 556 3429; x_wconf 79' lang='lat' dir='ltr'>vide</span> <span class='ocrx_word' id='word_1_329' title='bbox 576 3367 752 3427; x_wconf 74' lang='lat' dir='ltr'>Athanasius</span> <span class='ocrx_word' id='word_1_330' title='bbox 773 3384 826 3426; x_wconf 89' lang='lat' dir='ltr'>suo</span> <span class='ocrx_word' id='word_1_331' title='bbox 846 3367 936 3425; x_wconf 85' lang='lat' dir='ltr'>loco.</span> <span class='ocrx_word' id='word_1_332' title='bbox 956 3364 1043 3425; x_wconf 86' lang='lat' dir='ltr'>Obiit</span> <span class='ocrx_word' id='word_1_333' title='bbox 1062 3366 1096 3421; x_wconf 86' lang='lat' dir='ltr'>iu</span> <span class='ocrx_word' id='word_1_334' title='bbox 1116 3379 1165 3426; x_wconf 70' lang='lat' dir='ltr'>sua</span> <span class='ocrx_word' id='word_1_335' title='bbox 1177 3361 1232 3418; x_wconf 88' lang='lat' dir='ltr'>im·</span> 
     </span>
     <span class='ocr_line' id='line_1_40' title="bbox 81 3439 1232 3531; baseline -0.005 -28"><span class='ocrx_word' id='word_1_336' title='bbox 81 3446 195 3525; x_wconf 89' lang='lat' dir='ltr'>pietate</span> <span class='ocrx_word' id='word_1_337' title='bbox 216 3444 303 3527; x_wconf 68' lang='lat' dir='ltr'>Arius</span> <span class='ocrx_word' id='word_1_338' title='bbox 324 3444 490 3509; x_wconf 84' lang='lat' dir='ltr'>anChristi</span> <span class='ocrx_word' id='word_1_339' title='bbox 515 3460 579 3527; x_wconf 76' lang='lat'>336.</span> <span class='ocrx_word' id='word_1_340' title='bbox 594 3449 657 3531; x_wconf 90' lang='lat' dir='ltr'>plus</span> <span class='ocrx_word' id='word_1_341' title='bbox 678 3451 813 3506; x_wconf 86' lang='lat' dir='ltr'>minusve</span> <span class='ocrx_word' id='word_1_342' title='bbox 831 3492 838 3503; x_wconf 93' lang='lat'>.</span> <span class='ocrx_word' id='word_1_343' title='bbox 859 3448 952 3514; x_wconf 88' lang='lat' dir='ltr'>Sunt,</span> <span class='ocrx_word' id='word_1_344' title='bbox 973 3445 1025 3524; x_wconf 86' lang='lat' dir='ltr'>qui</span> <span class='ocrx_word' id='word_1_345' title='bbox 1058 3444 1176 3507; x_wconf 85' lang='lat' dir='ltr'>dicant,</span> <span class='ocrx_word' id='word_1_346' title='bbox 1198 3439 1232 3497; x_wconf 84' lang='lat' dir='ltr'>in</span> 
     </span>
     <span class='ocr_line' id='line_1_41' title="bbox 79 3522 1234 3605; baseline -0.001 -22"><span class='ocrx_word' id='word_1_347' title='bbox 79 3524 193 3586; x_wconf 86' lang='lat' dir='ltr'>exilio:</span> <span class='ocrx_word' id='word_1_348' title='bbox 214 3525 266 3583; x_wconf 86' lang='lat' dir='ltr'>alii</span> <span class='ocrx_word' id='word_1_349' title='bbox 293 3528 427 3595; x_wconf 86' lang='lat' dir='ltr'>tradunt,</span> <span class='ocrx_word' id='word_1_350' title='bbox 449 3528 484 3587; x_wconf 90' lang='lat' dir='ltr'>ab</span> <span class='ocrx_word' id='word_1_351' title='bbox 504 3532 593 3588; x_wconf 82' lang='lat' dir='ltr'>exilio</span> <span class='ocrx_word' id='word_1_352' title='bbox 614 3528 744 3587; x_wconf 84' lang='lat' dir='ltr'>reducem</span> <span class='ocrx_word' id='word_1_353' title='bbox 766 3528 800 3584; x_wconf 91' lang='lat' dir='ltr'>in</span> <span class='ocrx_word' id='word_1_354' title='bbox 822 3524 947 3605; x_wconf 85' lang='lat' dir='ltr'>publicis</span> <span class='ocrx_word' id='word_1_355' title='bbox 966 3525 1080 3582; x_wconf 82' lang='lat' dir='ltr'>latrinis</span> <span class='ocrx_word' id='word_1_356' title='bbox 1091 3522 1234 3584; x_wconf 74' lang='lat' dir='ltr'>Constan-</span> 
     </span>
     <span class='ocr_line' id='line_1_42' title="bbox 78 3596 1233 3687; baseline 0.003 -27"><span class='ocrx_word' id='word_1_357' title='bbox 78 3604 213 3683; x_wconf 90' lang='lat' dir='ltr'>tinopoli</span> <span class='ocrx_word' id='word_1_358' title='bbox 234 3606 377 3687; x_wconf 86' lang='lat' dir='ltr'>impuram</span> <span class='ocrx_word' id='word_1_359' title='bbox 399 3610 526 3668; x_wconf 90' lang='lat' dir='ltr'>animam</span> <span class='ocrx_word' id='word_1_360' title='bbox 549 3607 715 3667; x_wconf 86' lang='lat' dir='ltr'>exhalasset</span> <span class='ocrx_word' id='word_1_361' title='bbox 735 3604 813 3687; x_wconf 89' lang='lat' dir='ltr'>quod</span> <span class='ocrx_word' id='word_1_362' title='bbox 842 3620 1020 3685; x_wconf 74' lang='lat' dir='ltr'>posmemum</span> <span class='ocrx_word' id='word_1_363' title='bbox 1046 3603 1084 3661; x_wconf 82' lang='lat' dir='ltr'>de</span> <span class='ocrx_word' id='word_1_364' title='bbox 1103 3598 1175 3659; x_wconf 75' lang='lat' dir='ltr'>Ario</span> <span class='ocrx_word' id='word_1_365' title='bbox 1195 3596 1233 3663; x_wconf 63' lang='lat' dir='ltr'>Ab·</span> 
     </span>
     <span class='ocr_line' id='line_1_43' title="bbox 79 3678 1232 3767; baseline -0.003 -26"><span class='ocrx_word' id='word_1_366' title='bbox 79 3702 155 3749; x_wconf 88' lang='lat' dir='ltr'>tero,</span> <span class='ocrx_word' id='word_1_367' title='bbox 170 3685 259 3763; x_wconf 86' lang='lat' dir='ltr'>primi</span> <span class='ocrx_word' id='word_1_368' title='bbox 281 3685 434 3767; x_wconf 84' lang='lat' dir='ltr'>discipulo.</span> <span class='ocrx_word' id='word_1_369' title='bbox 449 3690 585 3747; x_wconf 89' lang='lat' dir='ltr'>nonnulli</span> <span class='ocrx_word' id='word_1_370' title='bbox 606 3686 749 3747; x_wconf 84' lang='lat' dir='ltr'>affirmant</span> <span class='ocrx_word' id='word_1_371' title='bbox 763 3730 769 3742; x_wconf 92' lang='lat'>.</span> <span class='ocrx_word' id='word_1_372' title='bbox 783 3684 910 3745; x_wconf 88' lang='lat' dir='ltr'>Consule</span> <span class='ocrx_word' id='word_1_373' title='bbox 930 3682 1095 3744; x_wconf 77' lang='lat' dir='ltr'>Histoticos</span> <span class='ocrx_word' id='word_1_374' title='bbox 1114 3678 1232 3748; x_wconf 66' lang='lat' dir='ltr'>Eccita,</span> 
     </span>
    </p>
   </div>
   <div class='ocr_carea' id='block_1_2' title="bbox 77 3758 1231 4005">
    <p class='ocr_par' dir='ltr' id='par_1_10' title="bbox 77 3758 1231 4005">
     <span class='ocr_line' id='line_1_44' title="bbox 77 3758 1231 3843; baseline 0.002 -23"><span class='ocrx_word' id='word_1_375' title='bbox 77 3764 132 3843; x_wconf 89' lang='lat' dir='ltr'>qui</span> <span class='ocrx_word' id='word_1_376' title='bbox 149 3763 211 3821; x_wconf 81' lang='lat' dir='ltr'>iate</span> <span class='ocrx_word' id='word_1_377' title='bbox 227 3766 387 3825; x_wconf 85' lang='lat' dir='ltr'>Arianismi</span> <span class='ocrx_word' id='word_1_378' title='bbox 407 3768 571 3837; x_wconf 86' lang='lat' dir='ltr'>Historiam</span> <span class='ocrx_word' id='word_1_379' title='bbox 594 3784 726 3826; x_wconf 87' lang='lat' dir='ltr'>narrant.</span> <span class='ocrx_word' id='word_1_380' title='bbox 748 3766 875 3824; x_wconf 82' lang='lat' dir='ltr'>Muretus</span> <span class='ocrx_word' id='word_1_381' title='bbox 894 3766 972 3823; x_wconf 88' lang='lat' dir='ltr'>inter</span> <span class='ocrx_word' id='word_1_382' title='bbox 993 3782 1041 3821; x_wconf 88' lang='lat' dir='ltr'>eos</span> <span class='ocrx_word' id='word_1_383' title='bbox 1062 3763 1119 3842; x_wconf 83' lang='lat' dir='ltr'>legi</span> <span class='ocrx_word' id='word_1_384' title='bbox 1139 3758 1231 3834; x_wconf 57' lang='lat' dir='ltr'>Ludos</span> 
     </span>
     <span class='ocr_line' id='line_1_45' title="bbox 80 3840 1231 3930; baseline -0.003 -30"><span class='ocrx_word' id='word_1_385' title='bbox 80 3844 365 3929; x_wconf 72' lang='lat' dir='ltr'>incusMainbourg,</span> <span class='ocrx_word' id='word_1_386' title='bbox 379 3847 574 3930; x_wconf 81' lang='lat' dir='ltr'>quieleganti</span> <span class='ocrx_word' id='word_1_387' title='bbox 595 3848 709 3906; x_wconf 89' lang='lat' dir='ltr'>Gallico</span> <span class='ocrx_word' id='word_1_388' title='bbox 733 3863 864 3904; x_wconf 82' lang='lat' dir='ltr'>sermone</span> <span class='ocrx_word' id='word_1_389' title='bbox 875 3840 1231 3913; x_wconf 73' lang='lat' dir='ltr'>Arianismiliistoriam,</span> 
     </span>
     <span class='ocr_line' id='line_1_46' title="bbox 78 3922 1230 4005; baseline -0.004 -20"><span class='ocrx_word' id='word_1_390' title='bbox 78 3936 110 3985; x_wconf 81' lang='lat' dir='ltr'>et</span> <span class='ocrx_word' id='word_1_391' title='bbox 131 3922 228 3983; x_wconf 87' lang='lat' dir='ltr'>turbas</span> <span class='ocrx_word' id='word_1_392' title='bbox 241 3926 283 3984; x_wconf 41' lang='lat' dir='ltr'>*in</span> <span class='ocrx_word' id='word_1_393' title='bbox 303 3926 428 3987; x_wconf 85' lang='lat' dir='ltr'>Ecclesia</span> <span class='ocrx_word' id='word_1_394' title='bbox 459 3923 495 3988; x_wconf 88' lang='lat' dir='ltr'>ab</span> <span class='ocrx_word' id='word_1_395' title='bbox 516 3928 634 3989; x_wconf 86' lang='lat' dir='ltr'>Arianis</span> <span class='ocrx_word' id='word_1_396' title='bbox 662 3928 798 3985; x_wconf 83' lang='lat' dir='ltr'>excitatas</span> <span class='ocrx_word' id='word_1_397' title='bbox 828 3925 994 4005; x_wconf 75' lang='lat' dir='ltr'>pertempsit</span> <span class='ocrx_word' id='word_1_398' title='bbox 1016 3965 1023 3980; x_wconf 91' lang='lat'>.</span> <span class='ocrx_word' id='word_1_399' title='bbox 1043 3923 1230 3983; x_wconf 69' lang='lat' dir='ltr'>araturam</span> 
     </span>
    </p>
   </div>
   <div class='ocr_carea' id='block_1_3' title="bbox 0 0 1664 4817">
    <p class='ocr_par' dir='ltr' id='par_1_11' title="bbox 0 0 1664 4817">
     <span class='ocr_line' id='line_1_47' title="bbox 0 0 1664 4817; baseline 0 5"><span class='ocrx_word' id='word_1_400' title='bbox 0 0 1664 4817; x_wconf 95' lang='lat' dir='ltr'> </span> 
     </span>
    </p>
   </div>
  </div>
 </body>
</html>
