3317 4817
477 351 514 421 48
978 340 1034 408 ΡᾸ

1636 216 1638 275 t

1636 278 1638 371 l

438 427 484 486 De
504 445 539 484 eo
558 428 634 487 Suet.
649 425 684 486 de
704 425 752 484 Ill.
769 425 864 485 Grum.
876 425 1129 495 tradit,Poemata
1149 418 1250 489 fecisse
1270 443 1305 484 ex
1325 438 1510 508 temporem
1523 421 1583 488 scri·

437 510 529 588 puisse
551 510 638 568 ratiis
658 527 719 565 non
741 507 906 590 vulgaribus
926 510 1049 569 metris.

477 587 632 646 Palaemon
654 588 670 662 (
687 585 851 647 Rhemnius
872 589 902 664 ),
924 590 1016 668 patria
1028 588 1250 652 vincentinus,
1270 586 1420 668 probrosae
1440 587 1540 658 vitae,
1560 602 1585 647 et

438 689 567 729 summae
585 670 765 752 arrogantiae
784 669 934 739 enticis,
954 672 1005 750 qui
1035 672 1194 729 Varronem
1222 669 1343 728 Portum
1363 667 1541 748 appellabat,
1560 685 1585 727 et
1636 662 1638 781 l

439 750 532 824 ajebat
549 794 557 818 ,
577 769 672 810 secum
702 767 783 808 natas
809 749 920 808 litteras
936 795 943 815 ‚
962 768 993 809 et
1022 771 1117 811 secum
1147 751 1336 810 interituras.
1365 749 1587 812 Grammaticam

413 865 420 890 t
438 831 550 890 Romae
570 831 689 898 docuit,
711 849 739 888 ct
760 830 920 909 discipulos
940 828 1072 906 babuisse
1093 831 1202 891 dicitur
1224 832 1379 898 Persium,
1400 848 1431 888 ct
1460 829 1583 906 Quintil.
1636 862 1637 875 .

437 911 582 972 Laudatur
602 933 618 970 a
639 911 718 969 Plin.
733 907 773 967 H.
790 911 828 970 Ν.
844 912 864 972 l.
885 933 931 981 14.
944 957 952 980 ,
964 929 994 969 cr
1014 934 1029 971 a
1051 913 1150 972 Persio
1162 910 1261 974 Satr-
1275 911 1455 970 Inimicitias
1467 910 1588 969 exercuit
1636 884 1638 1005 l

437 998 508 1050 tum'
517 993 589 1049 Ant.
602 991 738 1052 Liberali.
752 992 826 1050 Cum
838 991 1010 1050 Palaemone
1030 990 1220 1052 confunditur
1234 993 1273 1069 Q.
1285 989 1451 1049 Rhemnius
1462 989 1585 1050 Fannius
1636 1010 1637 1013 ’

435 1071 617 1143 Palaemon,
638 1069 698 1153 qui
717 1072 863 1150 scripsisse
884 1070 993 1132 dicitur
1013 1073 1049 1132 de
1069 1072 1259 1143 Ponderibus,
1282 1089 1313 1130 et
1332 1070 1494 1141 Mentoris,
1514 1068 1585 1151 quod
1636 1016 1638 1141 l

437 1153 521 1232 Opus
540 1152 632 1234 aliqui
653 1153 802 1211 Prisciauo
823 1151 979 1212 tribuunt.
1636 1156 1637 1229 ᾗ

476 1232 628 1288 Palladius
648 1234 660 1307 (
681 1232 898 1292 RutilTaurus
918 1234 1103 1297 Aemilianus
1123 1234 1156 1309 l,
1177 1233 1335 1303 Medicus,
1354 1247 1386 1308 et
1400 1234 1515 1310 ,Poeta
1529 1229 1587 1291 scri·
1636 1238 1638 1319 p

436 1308 496 1388 psit
519 1309 564 1380 ra.
576 1311 640 1367 libb.
653 1312 689 1368 de
708 1331 736 1369 re
756 1315 879 1380 rustica,
902 1334 1024 1394 quorum
1046 1333 1208 1396 postremus
1221 1331 1272 1374 ¹est
1292 1314 1379 1394 elegis
1404 1311 1531 1372 versibus
1550 1312 1586 1370 lu«
1636 1322 1637 1391 l

434 1389 592 1448 rubratus.
607 1392 681 1450 *Erat
700 1391 823 1452 illustris
844 1393 1018 1463 Romanus,
1039 1397 1172 1458 Graece,
1191 1412 1222 1452 et
1245 1395 1350 1452 Latine
1377 1392 1500 1452 doctus.
1521 1393 1586 1468 Ejus
1636 1410 1638 1489 p

435 1470 519 1550 Opus
539 1469 572 1527 de
592 1490 620 1528 re
640 1473 743 1529 rustica
763 1491 806 1531 est
826 1472 952 1554 eleganti
972 1479 1034 1534 Lat.
1046 1494 1180 1535 sermone
1199 1476 1356 1552 scriptum,
1376 1472 1456 1550 quod
1477 1472 1586 1532 indicio
1636 1494 1637 1531 ἲ

439 1567 499 1605 esse
560 1567 635 1610 test,
656 1571 721 1607 eum
743 1571 810 1606 anre
835 1575 847 1612 4
872 1555 1106 1614 Ecclmecnlnm,
1126 1555 1172 1605 uel
1191 1553 1284 1601 initio
1302 1574 1331 1618 4.
1349 1552 1497 1607 domuisse.
1517 1554 1586 1599 Sunt
1636 1566 1637 1583 ¹

435 1628 487 1706 qui
530 1621 617 1691 icant,
639 1645 686 1682 an.
704 1644 769 1691 129.
783 1619 896 1680 Christi
919 1625 952 1680 in
974 1625 1051 1682 rivis
1071 1621 1173 1683 fuisse.
1193 1623 1358 1681 ludovicus
1378 1622 1469 1679 Vires
1482 1622 1585 1688 tradit,
1636 1644 1638 1696 i

434 1703 487 1766 sub
504 1705 657 1764 'Hadriano
677 1703 804 1761 vixisse.
826 1703 987 1762 Ricciolius
1006 1723 1074 1762 eum
1097 1705 1184 1784 ponit
1204 1703 1237 1760 in
1257 1699 1315 1760 fine
1335 1725 1363 1774 4.
1376 1702 1464 1760 seculi
1481 1724 1488 1758 ε
1508 1707 1586 1778 cujus
1636 1732 1638 1795 l

432 1786 572 1868 opinioni
592 1781 773 1864 favet‚quod
792 1802 908 1842 carmen
928 1783 964 1842 de
983 1783 1129 1842 Arborum
1150 1783 1296 1842 insitione
1316 1778 1467 1861 Pasiphilo
1486 1782 1585 1840 inscri·
1636 1800 1638 1829 t

433 1866 512 1946 psit,
528 1865 580 1945 qui
600 1866 634 1922 in
655 1860 712 1934 fine
726 1886 752 1935 4.
763 1864 819 1922 Sec.
830 1864 906 1923 Eccl.
919 1862 1051 1924 vivebat.
1066 1863 1144 1922 Vide
1167 1861 1349 1936 Pamphilus.
1363 1861 1511 1922 Palladius
1529 1863 1586 1921 Ma·
1636 1832 1638 1925 l

431 1944 564 2004 crobium
585 1946 676 2012 citat,
698 1943 792 2010 unde,
814 1943 860 2002 vel
880 1943 1022 2024 aequalis,
1044 1943 1090 2002 vel
1112 1945 1253 2024 posterior
1268 1962 1307 2000 -eo
1327 1938 1404 2000 fuit.
1461 1942 1464 1947 '
1636 1948 1638 2015 l

476 2019 632 2084 Palladius
648 2025 733 2093 alter,
753 2019 864 2082 Rhetor
885 2026 996 2083 Romae
1016 2023 1179 2094 notus,nbi
1200 2021 1300 2082 docuit
1312 2020 1499 2082 Rhetoricam
1518 2043 1584 2082 cunr
1636 2022 1638 2069 l

433 2101 510 2165 fama
530 2107 636 2189 singul.
647 2105 842 2186 eloquentiae.
856 2107 900 2166 Ita
911 2102 1098 2185 Symmachus
1118 2105 1155 2163 de
1170 2102 1257 2163 eoad
1267 2104 1432 2162 Ausonium
1443 2122 1510 2161 cum
1532 2104 1585 2162 lau·
1636 2098 1637 2183 l

432 2186 469 2244 de
490 2186 629 2256 scribens,
650 2203 680 2244 et
699 2185 908 2244 commendans
928 2191 989 2264 ejus
1010 2186 1170 2243 Orationem
1181 2201 1234 2266 pro
1255 2183 1420 2243 studiorum
1443 2183 1581 2244 instaura·
1636 2186 1638 2275 l

432 2266 533 2336 tione,
554 2285 587 2326 ut
609 2284 697 2346 putu,
720 2263 866 2332 habitam,
886 2287 959 2346 quae
979 2266 1071 2324 desid.
1445 2309 1449 2317 .
1636 2318 1638 2332 ,

471 2346 644 2415 Palladias,
665 2345 798 2405 Medicus
818 2346 961 2405 Alexand.
976 2347 1090 2406 Galeno
1108 2343 1332 2424 juniot,quiin
1351 2341 1493 2423 quosdam
1512 2344 1586 2424 Hip·
1636 2352 1638 2405 ἶ

431 2429 556 2508 poctaris
577 2425 665 2486 libros
685 2423 820 2505 scripsit.
848 2428 871 2485 F
873 2428 917 2485 uit
937 2427 1026 2486 etiarn
1048 2427 1100 2487 sub
1120 2425 1321 2490 Constantino
1340 2423 1495 2482 Palladius
1510 2427 1584 2488 ..So
1636 2414 1638 2453 ¹

423 2504 528 2587 'phista
547 2503 739 2566 Methonaeus
759 2504 876 2565 celebris
889 2551 897 2576 ,
910 2524 983 2566 teste
1001 2507 1089 2567 Suida
1101 2551 1109 2574 ,
1121 2508 1173 2587 qui
1194 2511 1255 2583 ejus
1273 2504 1332 2562 Scri
1355 2523 1383 2561 ra
1402 2523 1580 2563 commemo·
1636 2550 1637 2573 ,

428 2603 490 2646 tat.
512 2588 614 2646 Exstat
633 2588 723 2645 etiam
745 2587 894 2656 cujusdam
914 2587 1042 2645 Palladii
1054 2588 1186 2662 Epistola
1206 2585 1243 2644 ad
1262 2585 1339 2665 Epip
1380 2585 1464 2643 nium
1477 2586 1512 2642 in
1523 2583 1580 2644 Aa·
1636 2620 1637 2623 =

431 2683 545 2726 corato.
567 2667 661 2726 Mitto
680 2665 829 2724 Palladios
849 2669 986 2727 Honorio
1010 2669 1201 2747 posteriores.
1314 2664 1317 2675 ¹
1636 2668 1637 2675 ’

376 2773 377 2776 “
469 2745 593 2816 Pallas,
615 2747 717 2808 Claud.
730 2747 842 2808 Caesari
862 2769 878 2806 a
898 2750 1081 2812 rationibus,
1102 2747 1282 2825 Questorio,
1302 2761 1332 2806 et
1356 2745 1507 2804 Praetorio
1517 2765 1579 2808 mu·

431 2845 501 2890 nere
520 2847 654 2891 ornatus.
671 2830 720 2888 lta
740 2831 816 2888 Suet.
825 2829 858 2886 in
880 2829 999 2886 Claudio
1020 2841 1099 2886 aas.
1636 2884 1637 2895 p

469 2907 717 2972 Pammachius.
731 2909 811 2968 Hier.
824 2909 950 2969 amicus.
970 2910 1045 2968 Eum
1067 2923 1100 2968 ut
1118 2907 1253 2976 doctiss,
1274 2922 1305 2964 ct
1324 2905 1464 2965 disertiss.
1472 2907 1585 2974 laudat,
1636 2948 1637 2963 .

428 2987 464 3049 in
485 2987 635 3064 Epitaphio
656 2988 791 3047 Fabiolae
810 2989 847 3050 ad
869 2991 1039 3048 Oceanum.
1063 2988 1112 3048 Ad
1131 2989 1202 3048 euni
1219 2987 1334 3066 scripsit
1354 2987 1512 3061 Epistulam
1534 3004 1586 3066 pro

342 3121 345 3126 .
428 3067 512 3127 libris
533 3070 592 3129 suis
611 3088 710 3127 contra
730 3070 942 3138 lorinianum,
963 3090 1019 3151 qua
1038 3069 1173 3137 indicat,
1195 3089 1262 3128 eum
1284 3069 1417 3145 Graece„
1430 3084 1460 3125 et
1481 3069 1586 3126 Latine

427 3146 548 3208 doctum
571 3169 602 3208 ac
622 3150 656 3207 in
676 3145 760 3208 sacris
768 3149 876 3209 litteris
890 3150 972 3210 valde
985 3168 1127 3210 versatum
1149 3144 1250 3208 fuisse.
1264 3147 1503 3207 InCoasolatorie
1515 3147 1584 3223 Epi·
1636 3193 1638 3202 .

432 3229 509 3286 stola
529 3228 565 3288 ad
586 3229 757 3299 lulianum,
779 3231 874 3290 virum
897 3231 1113 3290 sanctissimum
1135 3250 1201 3289 eum
1222 3227 1362 3308 appellat.
1539 3299 1542 3302 ⁴

468 3305 650 3384 Pamphilus,
671 3309 786 3377 Scriba.
808 3329 837 3371 et
848 3309 998 3379 Libertus,
1024 3331 1040 3370 a
1060 3309 1175 3369 bibliot.
1195 3308 1366 3389 Apollinis.
1388 3309 1434 3366 Ita
1455 3330 1490 3368 ex
1509 3302 1588 3367 anti·

412 3407 481 3528 gpua
504 3389 804 3470 Inscriptione,edita
825 3411 841 3451 a
862 3391 1102 3471 Pamvinio,qui
1122 3409 1157 3449 ex
1178 3409 1210 3449 ea
1229 3388 1439 3468 colligit‚eum
1462 3389 1586 3448 Bibliot.

451 3467 518 3537 raes,
540 3467 646 3529 fuisse.
668 3473 798 3540 Verum,
821 3485 851 3530 et
870 3475 988 3540 custos,
1006 3487 1038 3530 'et
1066 3469 1221 3538 librarius,
1242 3469 1343 3527 etalii
1372 3469 1503 3528 ministri
1533 3467 1588 3526 sub

424 3547 572 3612 Praefecto
583 3549 776 3620 biliothecae,
798 3571 815 3606 a
837 3551 1001 3610 bibliothece
1021 3548 1083 3610 dici
1102 3566 1240 3631 possunt,
1275 3550 1329 3608 uin
1350 3545 1490 3608 Praefecti
1503 3549 1586 3608 siut.
1636 3586 1637 3593 .

466 3629 633 3704 Pamphilus
645 3633 759 3700 M.,vir
780 3631 959 3712 doctisspro
978 3629 1097 3692 Christo
1118 3649 1215 3712 passus
1235 3650 1267 3689 su
1307 3630 1477 3688 Maximino
1489 3631 1585 3688 Rom.

425 3708 500 3788 Imp.
518 3711 555 3768 Ei
575 3710 724 3772 addictiss.
738 3707 801 3774 fuit.
816 3713 957 3774 Eusebius
976 3713 1172 3772 Caesareensis
1185 3755 1201 3778 ‚.
1215 3711 1267 3792 qui
1287 3709 1427 3767 Eusebius
1449 3708 1590 3792 Pampli-

413 3786 446 3843 ¹li
466 3790 579 3848 amabat
599 3791 754 3871 appellari.
776 3792 821 3850 De
854 3811 890 3850 eo
904 3815 907 3820 ·
920 3791 1046 3860 Euseb,
1066 3808 1096 3850 et
1122 3794 1149 3850 S.
1167 3791 1248 3850 Hier.
1267 3787 1479 3852 Bibliothecam
1514 3792 1590 3850 insi·

420 3884 509 4004 gnum
530 3867 631 3929 habuit
656 3867 771 3946 rubere
791 3871 886 3932 millia
916 3873 1102 3931 voluminum
1134 3872 1363 3931 continentem.
1384 3872 1430 3930 lta
1456 3873 1483 3928 S.
1507 3871 1586 3929 Isid.
1636 3914 1637 3919 .

448 3946 500 4028 n'g·
521 3949 543 4026 l.
555 3958 583 4011 6.
603 3952 688 4012 Hanc
707 3949 829 4014 arbitror
855 3949 943 4016 fuisse
969 3949 1111 4014 Bibliorh.
1132 3953 1208 4014 Eccl.
1228 3950 1425 4015 Caesareensis
1448 3969 1466 4012 a
1493 3949 1589 4010 Pem-
