3317 4817
601 334 654 395 ΤΕ
1112 355 1127 396 ι

53 411 112 473 rius
129 408 163 471 in
183 407 324 479 Arcadiae
343 400 665 501 oppidodtymplrilo
685 411 790 489 dicto,
809 414 891 490 Coss
900 414 970 492 CN.
991 360 1208 489 Dolabella’fet
1289 414 1292 424 '

56 496 100 555 Μ.
116 491 220 553 Fulvio
236 492 406 566 Nobiliore,
418 494 516 555 taedio
535 496 706 556 amissarum
718 494 891 553 Fabrrlarnot
904 516 980 566 roo..
991 513 1021 557 et
1031 516 1066 557 eo
1085 499 1214 580 amplius

50 575 88 637 in
109 570 275 659 nsofiagio',
293 594 362 636 eum
383 595 401 635 e
420 576 541 639 Graecia
562 578 688 637 Romam
708 577 781 637 remi
802 591 891 639 reret.
912 578 959 637 ita
977 578 1155 650 Cossutius,
1176 582 1215 640 si-

54 674 91 715 te
111 657 292 722 Cosconius.
311 672 345 718 ut
365 654 418 717 alii
437 655 589 719 scribunt.
610 659 656 720 Ite
675 658 765 719 etiam
781 598 908 720 iteretur
924 658 1081 731 Licinius,
1092 660 1145 742 qui
1164 660 1214 720 sd·

57 736 123 801 dit,
144 738 276 830 pauperie
297 757 424 819 pressum
446 735 557 805 fuisse.
582 774 585 781 ·
979 758 982 761 ⁴

96 817 241 879 Terentius
259 818 315 897 (Μ
321 821 355 897 l,
367 820 492 883 Orator.
513 818 699 892 Orationem,
721 836 867 883 accusatus
878 860 888 887 .
899 838 953 963 pro
973 838 1003 890 se
1021 815 1125 881 habuit

52 916 152 959 necem
171 900 288 975 Sejani.
319 901 356 959 ln
376 920 408 961 ea
427 896 556 973 fatetur,
577 922 607 963 se
626 903 755 973 amicum
775 903 871 983 Sejani
934 902 941 915 ‘

55 978 141 1040 seuit.
149 976 232 1043 affert
251 982 320 1041 lte.
332 978 413 1047 Anu.
424 981 446 1042 ἱ.
460 991 487 1041 o.
569 982 572 987 ’

100 1060 258 1128 Terentius,
280 1062 422 1123 Rostiuus
435 1064 540 1126 Poeta.
559 1065 606 1125 De
624 1083 660 1125 eo
671 1061 859 1145 Symmachus
878 1078 959 1146 patet
976 1064 1012 1123 in
1023 1062 1115 1141 Epist.
1123 1062 1161 1125 ad
1176 1060 1213 1127 fi·

54 1141 126 1203 lium
139 1144 199 1213 rit,
214 1140 414 1203 Hebdomadon
426 1144 473 1203 lib.
488 1145 650 1227 scripsisse,
661 1166 693 1206 ac
704 1148 953 1230 Epigrammatum
961 1145 1133 1225 adjectione
1142 1162 1215 1207 tou·

55 1223 178 1289 divisse,
202 1222 365 1307 additque,
384 1243 415 1285 se
434 1244 501 1289 eum
523 1226 635 1295 imitari
655 1227 788 1287 studere.

98 1303 242 1363 Terentius
260 1306 272 1382 (
293 1305 368 1367 Libo
389 1304 419 1380 ),
441 1308 552 1372 Poeta,
572 1308 775 1391 Fregellanus.
796 1307 934 1369 Forsitan
963 1303 1013 1368 hic
1037 1323 1097 1369 erat
1117 1306 1213 1382 aar:

55 1384 108 1467 qui
127 1382 256 1443 Annales
275 1385 393 1445 edidit.
415 1386 492 1446 Vide
507 1386 577 1447 Lr'bo
597 1390 631 1448 in
652 1388 686 1447 L.

103 1463 268 1536 Temurius,
290 1466 424 1527 Phil..'et
443 1465 707 1529 Mathemllomae
727 1469 798 1533 clari
811 1469 960 1529 nominis.
973 1471 1064 1529 Varro
1083 1489 1151 1531 eum
1170 1489 1216 1530 to·

54 1548 163 1630 gavit,
182 1564 215 1606 ut
236 1547 356 1607 Romuli
376 1564 551 1628 conceptum
572 1549 606 1607 in
626 1550 728 1620 diem,
750 1568 779 1610 ct
800 1550 900 1610 horam
921 1549 1094 1620 deduceret,
1114 1566 1145 1609 st
1175 1568 1213 1610 ex

51 1632 117 1705 ejus
137 1627 214 1696 vita,
236 1627 319 1687 rebus
339 1629 443 1711 gestis,
458 1644 487 1688 et
507 1629 673 1693 institutis,
693 1631 853 1691 secundum
875 1630 1057 1715 Astrologiae
1075 1647 1212 1699 canones,

51 1706 240 1852 ejuanortlis
259 1727 350 1791 genus
368 1706 538 1795 colligeret,
558 1707 595 1768 de
616 1729 674 1791 quo
693 1710 788 1772 adhuc
808 1709 993 1772 dubitabatur
1002 1724 1018 1770 .·
1033 1710 1111 1770 Vide
1130 1709 1212 1769 Plut.

50 1806 88 1847 un
140 1807 202 1849 omu
219 1809 253 1848 o.
947 1808 953 1817 ·

230 1918 234 1925 .
511 1871 696 1931 Corollarium
717 1873 759 1932 II.

99 1949 233 2020 Tertius,
255 1951 456 2014 Amanucnsis
472 1954 498 2012 S.
512 1938 621 2023 Paullii'
637 1955 753 2035 scripsit
765 1950 913 2015 ¹Corinthi
933 1952 1092 2030 Epistulam
1104 1953 1142 2011 ed
1153 1952 1213 2012 Ro·
1227 2015 1228 2024 ,

49 2048 169 2172 ltalia
181 2033 551 2191 llrlllllll‘llln
559 2035 607 2173 ΕΞ
617 2031 823 2175 lllllll
825 2033 1028 2176 toltit?
1035 2034 1153 2195 1352?ss
1167 2052 1210 2172 {i
1231 2037 1234 2048 ᾗ

48 2192 196 2251 Romanos
215 2194 396 2269 Epistolam,
417 2213 479 2253 non
505 2194 617 2254 Graeco
636 2194 759 2255 homine
785 2198 923 2261 erudito,
942 2180 1030 2277 quem
1058 2194 1224 2275 proculdu··

48 2274 106 2334 bio
125 2262 208 2333 futile
227 2275 305 2335 inter
325 2274 507 2335 Christianos
527 2275 702 2337 Corinthios
729 2278 864 2337 invenire
891 2277 1059 2357 potuisset,
1078 2274 1128 2334 sed
1157 2272 1214 2333 ho·

51 2356 139 2415 mine
158 2356 295 2415 Romano
315 2376 400 2416 usum
421 2353 527 2415 fuisse.
553 2353 666 2415 Tertius
686 2359 783 2427 enim,
805 2376 839 2419 ut
859 2362 920 2435 ejus
941 2374 1050 2415 nomen
1068 2355 1205 2423 iudicat,

49 2438 226 2505 Romanus,
248 2454 297 2496 seu
309 2438 431 2497 Latinus
451 2452 511 2497 crat
522 2458 529 2495 ι
542 2455 620 2507 cum,
641 2440 733 2499 etiam
751 2441 785 2497 in
806 2449 890 2498 teitu
902 2439 1022 2509 Graeco,
1039 2448 1153 2495 uomen‘
1160 2438 1222 2497 1⁴2⁰*

53 2519 157 2577 tinum
177 2518 406 2615 Tfpmgmon
427 2518 553 2617 Tpmg
573 2521 713 2599 scriptum
733 2521 773 2579 sit
787 2564 795 2589 ,
808 2537 838 2579 et
852 2518 990 2580 uitullus
1009 2516 1221 2601 Hellenismus-

49 2620 90 2693 in
112 2617 190 2679 dicta
210 2618 342 2694 Epistola
362 2618 547 2683 inveniatur:
562 2636 594 2677 ut
615 2620 745 2678 inveniri
765 2617 860 2699 plures
880 2617 995 2685 solent,
1015 2636 1081 2677 cum
1102 2616 1213 2695 Scripta

51 2714 126 2759 sunt
145 2718 180 2759 er
202 2694 311 2760 Graeco
333 2699 465 2759 terrain
491 2700 652 2758 Latinum.
673 2702 773 2767 Haec,
795 2716 824 2758 st
851 2698 931 2761 alid,
951 2713 1024 2778 quae
1051 2714 1121 2756 mor
1149 2714 1216 2777 pro--

51 2800 158 2848 mam,
181 2778 259 2840 mihi
287 2778 478 2861 persuadent,
499 2778 659 2854 Epistulam
687 2779 768 2838 illam
791 2798 853 2837 non
880 2780 1013 2845 Graeco,
1032 2776 1083 2853 scd
1102 2778 1222 2836 Latino·

47 2880 223 2921 sermones
243 2858 398 2922 S.·Paullo
418 2860 557 2925 dictatam
572 2901 580 2924 ,
598 2874 634 2919 et·
649 2861 767 2919 missam
799 2860 836 2918 ad
865 2860 1036 2926 Romanos,
1068 2874 1097 2916 et
1127 2857 1210 2915 iccir-

47 2960 112 3012 co,
134 2942 293 3005 Romano‚
314 2959 374 3001 non
395 2942 506 3001 Graeco
527 2941 709 2999 Amauuensi
729 2938 909 3007 S.,Paullum
930 2957 1015 3002 usum
1034 2933 1145 2996 fuisse.
1166 2940 1209 3004 Ut

48 3041 123 3081 vero
136 3022 243 3082 Larino
263 3039 395 3081 sermone
414 3019 590 3089 scriberetur,
606 3019 711 3082 multas
724 3020 855 3080 rationes
865 3015 975 3080 habere·
1018 3019 1076 3077 tuit
1087 3017 1113 3077 S.
1126 3017 1216 3077 Paul·

48 3102 109 3170 lus,
130 3102 249 3162 coelesti
269 3101 423 3185 prudentia
444 3104 623 3171 instructus,
645 3119 674 3160 et
694 3095 833 3163 omnibus
855 3092 959 3168 omnis
1003 3094 1052 3181 eri
1067 3100 1189 3188 cupiens
1201 3092 1229 3159 .”’

49 3184 126 3244 Non
146 3182 298 3265 ignorabat
318 3182 493 3264 Apostolus,
514 3182 623 3240 multos
642 3201 678 3239 ex
699 3180 876 3245 Christianis
895 3180 1039 3260 Romanis
1058 3182 1092 3238 in
1121 3176 1228 3239 Grae-⁵·

48 3283 88 3323 co
113 3283 245 3323 sermone
265 3256 390 3323 versa'tos
410 3282 510 3345 parum
531 3258 674 3327 finisse,et
689 3262 947 3344 Epistola'rrr·illam
967 3280 1034 3328 non‘
1048 3258 1228 3323 intellectn···

46 3363 121 3409 ros,
141 3344 167 3403 si
187 3345 311 3411 Latino,
333 3363 383 3403 stu
404 3342 556 3402 vernaculo
577 3344 775 3403 Romanorum
797 3361 929 3404 sermone
949 3358 1061 3402 exarata
1083 3360 1145 3406 nou
1165 3360 1209 3401 cs-

913 902 1107 981 utsse.Ejus
1154 919 1209 970 rat.
1289 989 1291 993 ,
1385 891 1387 895 ’

52 3420 120 3486 s'et.
151 3424 334 3507 Agnoscebat
353 3424 449 3494 item,
470 3424 614 3483 Romanis
641 3426 734 3507 magis
755 3424 1082 3506 placiturumsslatiuum
1106 3442 1211 3488 sermo·
1309 3466 1312 3470 J

49 3524 125 3567 nem
140 3511 242 3579 ,cujus
263 3524 361 3585 expers
383 3522 444 3564 nou
465 3520 524 3582 erat
543 3505 569 3563 S.
585 3504 709 3575 Paullus,
731 3506 884 3567 Romanus
901 3499 1030 3573 ciris,et
1047 3502 1233 3580 Tarsi,ubi·

50 3583 171 3648 scholae
191 3588 341 3647 Romanae
360 3585 536 3646 litteraturae
560 3596 664 3654 erant,
684 3586 814 3647 eruditus
834 3629 844 3656 ,
863 3586 876 3663 (
895 3601 928 3644 ut
958 3583 1036 3643 nihil
1055 3582 1150 3661 dicam
1172 3584 1211 3644 de

51 3669 225 3809 linpuarum
246 3666 367 3743 douo),
387 3686 417 3731 et
432 3666 666 3743 'verisimile'est
688 3684 817 3736 eum,ut
837 3666 874 3725 ad
894 3666 1020 3740 Graecos
1038 3663 1227 3727 crateres&

47 3752 100 3813 He
121 3764 201 3808 ratos
220 3747 360 3809 Hebraice
374 3749 447 3827 ,sita
467 3746 503 3819 ad
523 3746 687 3815 Romanos,
712 3749 863 3813 Romane,
881 3764 932 3807 sen
949 3740 1059 3819 'Latine
1083 3746 1210 3827 scripsis-

47 3852 100 3899 se,
123 3848 182 3912 quo
202 3849 232 3890 st
252 3830 352 3913 magis
364 3824 471 3895 Civem
489 3828 578 3887 Rom.
599 3824 749 3909 probaret,
770 3846 799 3888 et
819 3816 1036 3905 iccitcit's'Tert'ii
1047 3870 1055 3895 ,
1076 3822 1226 3905 hominis'

44 3912 142 3973 Rom.
154 3930 241 3991 opera
262 3908 297 3974 ad
319 3908 504 3973 scribendum
525 3906 589 3969 sine
609 3929 700 3970 errore
721 3910 879 3987 Epistolam
900 3908 980 3969 illam
1004 3924 1089 3969 usum
1101 3904 1205 3970 liniare.

43 3995 88 4057 Et
108 3990 160 4078 hic
178 3988 276 4077 obiter
294 3990 398 4079 addo,
418 4009 529 4083 nomsp
547 4008 740 4084 numerorum
761 3990 873 4061 Primus
886 3990 1072 4080 ,Secundum
1096 3991 1229 4085 {errissj
