3317 4817
568 414 573 419 .
631 358 691 421 ΤΗ
1134 358 1148 418 't

81 428 176 499 bitror
193 424 545 523 Themisriurn,insignem
562 436 730 501 Aristotelis
742 438 932 522 interpretem
942 371 1192 501 iPetaviu'snr‘nis⁷
1203 438 1239 500 il.

80 518 217 579 lustravit
240 520 332 578 Orou.
355 518 523 591 Themisti,
546 542 617 603 quse
644 524 765 582 extant.
919 591 923 597 ,
1205 531 1221 547 ⁰

87 659 93 673 ,
125 598 299 671 Theotimo,
320 602 432 673 Histoe.
446 603 560 685 scripsit
580 603 616 662 de
636 603 792 662 Valeriano
815 602 974 683 Imperat..
995 616 1025 660 et
1050 601 1181 671 citatus,
1201 612 1235 660 tt

78 674 208 759 Scriptus
228 682 413 742 Caesarianus
432 704 447 742 a
469 679 598 763 Vopisco
620 684 654 741 in
668 682 851 752 Tolerium.
1215 691 1223 716 '

125 760 333 841 Theodoreus,
356 764 424 842 Cyri
445 765 477 822 in
498 766 576 843 Syria
596 762 690 845 Epire.
703 763 756 823 sul>
765 764 903 824 Honorio
923 763 1015 823 clarus
1035 762 1169 823 doctrina
1182 806 1189 831 ,
1204 777 1235 821 et

77 841 125 900 elo
148 842 262 900 nentia.
284 844 441 923 Supersunt
463 843 542 925 plura
562 850 623 923 ejus
645 843 709 902 ΟΟ.
732 844 800 905 Alia
819 845 913 903 desid.
1162 854 1169 875 '
1208 852 1223 877 ⁴

151 920 306 991 demotus,
329 926 426 993 Poeta,
448 924 578 985 Martiali
599 944 699 1007 parum
720 944 809 995 carus,
832 925 879 985 vel
898 924 996 1004 potius
1016 921 1237 1007 exosusr‘quqd

76 1000 226 1063 indicatur
246 1000 456 1085 Epigrammate
476 1006 509 1063 in
529 1026 612 1071 eum,
633 1026 699 1066 cum
721 1012 782 1083 ejus
802 1006 886 1065 aedes
905 999 1135 1088 conflagrarunt·
1191 1006 1203 1021 ”

232 1081 350 1143 ‘Pierios
369 1086 445 1145 uotis
471 1082 606 1145 Theodori
620 1084 737 1169 flammo
757 1086 879 1143 Penates
1110 1118 1114 1125 -

283 1164 430 1224 Abstulit.
451 1164 515 1225 Hoc
536 1166 648 1231 Musis:
669 1166 721 1225 lzoe
742 1168 791 1225 tibi
811 1164 925 1227 Praete
939 1166 1055 1240 placet?
1096 1200 1100 1205 .
1167 1237 1171 1241 Δ
1215 1179 1224 1219 τ

243 1244 292 1301 O!
311 1244 410 1304 Scelus
431 1247 469 1305 ol
489 1266 619 1325 magnum
636 1245 774 1326 focinus,
794 1248 947 1321 crimenque
968 1245 1095 1314 Deorum

233 1332 239 1347 ·
282 1318 348 1384 Non
369 1328 439 1386 ursit
459 1330 586 1405 puriter,
608 1347 636 1389 er
655 1331 775 1399 domus,
796 1346 824 1387 er
843 1327 992 1387 doninus.

78 1406 116 1480 ln
136 1403 264 1467 eundem
285 1423 327 1467 est
347 1408 445 1487 Epigr.
458 1410 539 1469 aliud
563 1410 650 1472 Mart.
663 1410 684 1468 l.
699 1431 726 1473 r.

323 1486 505 1565 Nondonern
527 1490 576 1549 tibi
596 1510 647 1550 eur
664 1510 739 1549 meos
758 1490 894 1561 libellos,
939 1503 943 1509 '

328 1570 428 1627 Oronti
448 1572 545 1640 toties,
567 1588 594 1629 er
614 1572 753 1649 exigenti,-

324 1648 444 1709 Miraris
468 1651 634 1711 Theodorei
653 1670 756 1729 magna
775 1668 878 1711 course
897 1666 961 1721 est,

324 1728 424 1789 Dones
443 1730 511 1791 milri
531 1751 565 1790 ne
585 1748 648 1791 tuos
668 1732 800 1797 libellos.
824 1732 829 1739 ’
1213 1762 1224 1774 ·

119 1807 290 1868 ‘Theodorus
310 1809 515 1891 (Mallius),
537 1814 641 1872 Orator
661 1813 805 1893 insignis,
824 1832 841 1873 a
861 1809 1024 1873 Claudiano
1045 1809 1196 1874 laudatus}
1214 1820 1225 1835 ¹

125 1888 287 1948 Theodorus
297 1934 305 1959 ,
316 1891 462 1953 Gadareus
476 1938 484 1962 ‚
497 1891 660 1953 Rhetorum
680 1912 769 1953 sectae
781 1909 896 1964 auctor.
909 1909 939 1951 et
948 1892 1062 1954 Tiberii
1074 1892 1155 1953 Cris.
1167 1897 1234 1953 rnao¹

75 1970 191 2053 gisnes,
211 1988 285 2031 teste
305 1973 435 2050 Quintil.
447 1975 467 2031 l.
486 1974 592 2051 3.Insr.
605 1974 814 2033 Oruro'riorurn.
919 2031 921 2034 ,
1212 1982 1221 1990 “

126 2049 323 2121 Theodosius,
344 2055 387 2111 Μ.
409 2054 582 2134 Imperator,
605 2056 726 2113 natione
746 2054 910 2135 Hispanus,
926 2053 1049 2113 militari
1069 2052 1194 2122 virtute,
1206 2064 1237 2111 et

77 2128 249 2203 Christiana
270 2133 377 2213 pietate
396 2134 486 2193 clarus
499 2135 679 2204 ,'Honorii,
696 2140 728 2194 et'
747 2135 875 2204 Arcadii,
897 2152 995 2214 postea
1015 2135 1101 2192 Rom.
1113 2136 1159 2192 lm
1197 2149 1238 2191 ra·

76 2212 155 2270 toris
177 2232 270 2291 poter.
292 2213 380 2272 Nulla
401 2220 461 2291 ejus
482 2216 608 2296 Scripta,
629 2215 756 2295 exeeptis
778 2214 930 2291 &sistolen
951 2230 981 2276 et
1001 2214 1123 2289 Legibus
1142 2152 1233 2271 ad‘eo

81 2292 172 2357 latis,
193 2311 264 2371 quae
285 2294 319 2350 in
336 2293 409 2353 Cod·
422 2294 612 2353 Theodosium
632 2291 989 2379 legunturshabemus.'8i
998 2292 1166 2352 Theodosio
1180 2294 1237 2351 lm·

78 2374 231 2459 peratori,
253 2371 345 2433 adhuc
378 2374 496 2434 homini
521 2376 655 2457 privato.
675 2394 737 2434 suas
758 2374 885 2433 Tabulas
903 2374 1015 2433 dicerit
1035 2375 1184 2447 Asianus„
1204 2386 1239 2431 ut

78 2453 171 2511 multi
191 2452 388 2520 arbitrantur,
409 2474 443 2513 ex
465 2457 583 2515 A'viano
605 2456 762 2524 norimus,
786 2475 852 2513 eum
874 2454 966 2516 multa
986 2456 1150 2521 Graeca,et
1170 2454 1236 2513 Iar.

70 2533 246 2591 eruditione
267 2534 417 2601 floruisse,
438 2553 510 2616 qua,
531 2537 556 2594 si
577 2535 741 2597 Claudiano
761 2534 1116 2617 'credimus‚inrtructum
1138 2526 1234 2611 cupii·

73 2611 126 2672 bat
148 2614 317 2673 Honoriunr
338 2612 449 2675 filium.
470 2618 588 2677 Etenim
611 2616 788 2675 Claudianus
807 2616 842 2673 in
862 2614 1004 2691 Panegyr.
1017 2615 1050 2671 de
1069 2611 1235 2682 4.2Honorii

63 2690 259 2760 Consulum,
284 2694 467 2755 Theodosium
480 2698 520 2755 sic
541 2696 577 2755 ad
597 2693 691 2755 lilium
712 2696 880 2755 Honorium
901 2693 1071 2774 loquentem
1094 2692 1233 2753 inducit.

145 2824 149 2831 .
241 2776 282 2833 Et
301 2796 373 2853 quoe
392 2778 460 2835 rirox
477 2778 583 2836 imitere
601 2778 702 2853 legor:
723 2794 771 2833 nec
790 2776 898 2833 desinat
919 2792 1064 2849 unquam·
1171 2774 1174 2779 ’
1221 2790 1223 2794 ’

245 2856 348 2914 Tecum
370 2858 458 2935 Graio
478 2849 578 2933 loqui:
599 2874 688 2915 return
713 2856 843 2913 Romano
862 2870 1011 2916 uetustas.
1049 2887 1051 2891 ,

241 2936 382 3013 Antiquos
404 2938 501 2995 euolue
522 2939 623 2997 duces:
644 2954 773 2994 assuesce
788 2933 908 3013 futurae

241 3016 386 3077 Militiae:
409 3018 521 3074 Lorium
543 3034 615 3076 retro
635 3032 663 3074 te
683 3012 825 3092 confer'in
847 3024 974 3076 aeuum.

73 3097 175 3159 Multa
194 3094 284 3155 etiarn
306 3098 483 3157 Claudianus
503 3096 539 3156 de
559 3103 620 3172 eius
636 3097 782 3173 ¹Victoriis
803 3098 837 3154 in
857 3095 1002 3175 Panegyri
1021 3097 1055 3155 le
1074 3096 1156 3155 terrio
1174 3089 1235 3153 llo·

73 3180 148 3236 ororii
159 3176 331 3235 Consulatu.
352 3180 504 3238 Oratorem
525 3198 591 3238 eum
614 3175 711 3241 fuisse,
723 3176 820 3237 nullus
833 3176 949 3241 dubito,
960 3196 995 3236 ex
1008 3196 1088 3258 saepe
1101 3177 1189 3237 dictis
1200 3174 1237 3235 de

75 3258 225 3326 Oratoria,
246 3278 274 3316 et
294 3258 469 3339 Eloquentia
490 3260 713 3317 Romanorum.
734 3257 779 3315 De
799 3259 862 3330 eius
881 3258 988 3341 singul.
1000 3255 1179 3319 humilitate.
1198 3257 1234 3315 in

75 3341 104 3397 S.
128 3337 318 3397 Ambrosium
341 3340 527 3399 veneratione
541 3385 549 3407 ,
561 3360 592 3402 ac
613 3339 649 3396 de
668 3341 730 3416 ejus
750 3339 839 3419 gestio
857 3338 1098 3418 constantianus
1112 3381 1119 3407 ,
1133 3335 1236 3403 ethae-

74 3436 129 3477 ret.
144 3418 235 3487 alios,
258 3420 326 3479 ride
347 3419 422 3479 Eccl.
437 3420 516 3479 Hist.
531 3420 607 3479 Illud
627 3420 662 3476 in
682 3436 716 3475 eo
736 3418 995 3477 commendatione
1014 3416 1136 3499 digniss.
1154 3415 1234 3494 quod

78 3500 161 3558 viros
181 3498 327 3579 sopientes
348 3519 454 3583 magno
474 3502 507 3558 in
530 3500 624 3581 pretio
645 3496 789 3557 habuerit.
804 3498 891 3561 obiit
910 3492 1074 3557 Mediolani
1092 3514 1138 3554 an.
1153 3492 1236 3553 Clui-

77 3580 120 3639 sti
146 3601 211 3656 395.
225 3582 327 3639 aetatis
347 3599 393 3639 an.
414 3602 477 3653 50.,
499 3596 532 3640 ut
552 3581 595 3655 ait
616 3580 735 3645 Victum
757 3577 806 3637 'sed
827 3578 898 3648 alii,
920 3577 1014 3657 plures
1040 3576 1119 3638 sitae
1137 3592 1232 3635 annot

81 3660 112 3721 ei
133 3658 290 3719 tribuunt.
313 3661 472 3740 imperarit
492 3680 539 3719 an.
563 3666 608 3720 16.
1025 3664 1030 3674 '
1164 3668 1170 3677 ’

129 3738 321 3819 Theodorion,
336 3740 499 3821 Ephesinus
518 3743 614 3801 Sacrae
635 3738 769 3821 Paginse'
780 3738 920 3819 interpres
932 3783 940 3806 ‚
954 3736 1046 3797 mults
1065 3734 1232 3798 addensret

75 3820 173 3881 multa
193 3820 312 3880 demens
332 3822 366 3879 in
386 3840 435 3881 sua
447 3822 604 3880 Versione.
617 3820 747 3879 Primum
788 3816 1089 3892 hristianus,‘l'aciani
1107 3816 1233 3895 discipu·

75 3902 144 3961 lus:
166 3900 273 3959 deinde
284 3902 453 3961 Marcionis
472 3904 618 3968 Sectaror,
641 3898 778 3961 er'tinde
830 3898 954 3960 luditur
972 3898 1047 3960 circa
1060 3894 1232 3962 nonnisi

81 3982 249 4119 184.1i‚lide
267 3984 371 4119 {aron
393 3982 429 4051 ad
449 4002 496 4045 on.
517 3980 629 4043 Christi
651 3988 716 4054 184.
759 4032 764 4039 .
921 4016 926 4021 ·
962 4011 986 4043 ·.
1038 4011 1044 4019 ·
1158 3993 1229 4029 «κ

190 4080 236 4123 ars
262 4062 305 4122 1.
466 4061 470 4067 ’
1059 4079 1075 4124 s
1235 4113 1237 4116 .
