3317 4817
639 308 690 381 aa
916 307 920 315 ’
1148 326 1187 383 ιι.

72 386 241 460 accendens
256 430 266 458 .
282 406 340 473 qut
353 386 463 453 darios
484 404 615 473 parerent
636 412 691 461 er,
710 408 784 475 quse
804 388 840 455 rs
859 387 946 460 aliis,
966 400 1017 458 nrt
1036 328 1248 471 nspomesin

73 490 143 545 aur.
164 490 215 535 aut
233 473 408 554 agebantur.
429 472 535 535 Oravit
555 493 608 555 pro
628 471 765 545 Aufidia,
786 492 816 532 et
835 474 954 547 juvenis
975 475 1009 533 in
1022 491 1052 533 se
1065 475 1190 551 suscepit
1202 490 1247 537 ac·

72 556 253 617 cusationts'
263 573 415 635 pravorum
426 555 555 615 civium.
570 553 648 615 Vide
659 552 791 635 Quintil.
803 554 851 612 nl.
864 561 892 625 ἦ,
908 562 932 610 o.
944 597 954 623 ,
967 571 997 614 et
1010 570 1055 609 ra.
1071 552 1140 630 Ejus
1153 550 1247 625 Epist.

75 636 116 701 ad
141 638 223 730 Cic..
243 654 298 728 qua
325 655 392 697 eum
416 636 523 699 solatur
543 637 579 695 in
598 653 693 697 morte
701 634 859 705 Tulliolae,
881 634 1006 707 iudicat,
1027 649 1173 715 quantum
1190 630 1253 693 alo·

83 733 228 798 quentiae
248 736 282 776 an
302 736 338 779 co
357 732 449 781 estet.

518 797 705 859 corollarium
731 794 807 857 XII.

119 874 297 955 Supputandi
318 880 389 940 Ars.
411 878 489 941 Vide
509 879 696 941 Anrnneriea
715 880 750 940 in
771 876 998 939 senonense
1018 874 1061 936 N:
1075 872 1244 934 Sestertium

80 958 118 1021 in
139 957 169 1016 S.
184 960 261 1021 Haec
282 964 339 1019 Ars
359 958 442 1020 valde
463 980 564 1022 manca
582 960 661 1043 apud
682 962 834 1021 Romanos
845 962 984 1041 antiquos
996 952 1072 1018 fuit.
1085 957 1150 1018 Illis
1164 974 1247 1016 naun

77 1058 140 1121 que
163 1060 277 1123 prorsus
296 1042 398 1123 ignota
427 1038 486 1101 fuir
511 1044 587 1103 ratio
609 1042 788 1125 supputandi
809 1060 858 1123 pet
882 1039 1036 1125 Algebram
1066 1036 1248 1106 sublimem.

79 1138 113 1181 et
135 1140 184 1201 per
203 1121 345 1181 calculum
366 1115 680 1205 differentialem,qua
699 1140 823 1185 utuntur
843 1119 1050 1181 Mathematici
1070 1115 1124 1179 hac
1140 1127 1244 1179 nostra

81 1218 189 1343 §pasch
200 1220 266 1282 post
287 1202 488 1273 Cavalierum.
507 1204 541 1263 Ρ.
562 1206 686 1291 (irena
712 1206 740 1265 S.
762 1206 943 1273 Vincentio,
964 1200 1197 1287 Leipsaitaanna⁸
1216 1206 1250 1265 ci

135 1302 169 1341 ur
191 1301 302 1342 onem.
627 1336 630 1339 .

124 1361 199 1422 Sura
220 1364 232 1439 (
253 1362 392 1440 Licin),
411 1384 493 1446 saepe
513 1364 580 1427 cur
592 1364 647 1427 sub
665 1364 814 1445 Traiano.
834 1364 885 1427 cui
907 1356 1144 1427 carissimuafuit
1156 1410 1164 1425 .
1177 1360 1248 1422 Erat

81 1444 255 1523 Hispanus,
276 1464 306 1505 cr
325 1446 488 1506 Barcinone
507 1450 698 1508 Tarraconem
719 1446 859 1509 euntibus
878 1444 1046 1507 subeundus
1072 1457 1117 1518 est
1140 1443 1177 1501 in
1196 1442 1250 1503 via

81 1524 201 1606 publica
221 1546 302 1589 arcus
321 1526 528 1607 triumphalis.
547 1546 610 1587 non
630 1528 729 1610 procul
748 1528 912 1589 Tarracone
929 1527 1046 1608 potitus
1065 1522 1177 1583 Licinio
1191 1516 1246 1579 Sa·

79 1622 131 1663 rae
149 1624 219 1683 eum
239 1604 398 1689 honorifica
419 1609 631 1689 Inscriptionc‚
645 1613 728 1687 cujus
747 1608 833 1667 verba
850 1605 996 1667 nonnulla
1013 1618 1160 1686 superesse
1177 1598 1247 1665 vi&

78 1686 150 1745 cu'm
172 1686 238 1745 illae
259 1686 437 1747 transibam.
459 1690 500 1749 Et
526 1692 583 1771 legi
605 1707 701 1769 potest
720 1690 755 1749 in
774 1682 898 1765 Syllogq
924 1683 1054 1761 inscript.
1074 1680 1245 1755 moriae

81 1766 256 1847 Cl.losepiri
278 1766 447 1828 Finestresii
458 1816 465 1831 .
478 1770 529 1829 Est
550 1772 623 1831 benc
642 1771 764 1853 longum
778 1768 865 1829 Mart.
873 1766 971 1845 Epigr.
978 1766 1001 1825 l.
1013 1781 1042 1830 a·
1055 1764 1094 1826 a
1104 1756 1246 1829 lienus·

79 1844 205 1916 Soram,
226 1850 260 1907 in
280 1866 358 1929 quo,
380 1865 413 1909 ut
435 1851 478 1909 vir
500 1850 619 1911 doctiss.
633 1850 875 1910 commendatur.
896 1843 1067 1909 Verisimile
1091 1858 1161 1931 cst,
1181 1853 1252 1922 non

83 1928 175 1987 armis
196 1925 309 1995 solum,
331 1929 381 1989 aed
400 1945 430 1987 et
450 1928 618 2011 eloquentia
638 1932 785 2001 floruisse,
808 1930 848 1989 ob
867 1949 949 2010 saepe
969 1928 1048 1987 dicta
1070 1924 1108 1986 dc
1135 1923 1253 2005 periti(
1366 1982 1370 1990 .

80 2007 120 2067 ad
144 2012 328 2089 magistratus
347 2009 526 2070 obtinendos
546 2012 685 2092 requisita
706 2012 873 2093 praesertim
893 2009 947 2071 sub
960 2008 1085 2088 optimis
1105 2004 1249 2086 principi·
1303 2071 1321 2101 ‚⁴
1361 2009 1363 2012 ’

81 2088 154 2153 bus,
177 2090 254 2146 inter
275 2108 348 2168 quos
368 2091 498 2150 eminuit
516 2093 680 2171 Trajanus,
702 2096 829 2151 virorum
851 2092 1046 2153 litteratorum
1066 2084 1184 2147 fautor.

128 2166 289 2238 Surdinus,
310 2164 444 2239 Rhetor,
465 2172 580 2252 dequo
599 2176 666 2231 Sen.
690 2172 725 2231 in
745 2170 844 2231 suast.
864 2190 931 2231 cuna
952 2169 1036 2232 laude
1063 2167 1125 2251 agit
1134 2209 1146 2224 -.
1167 2166 1250 2225 lore
1319 2168 1321 2173 ’

84 2248 142 2311 alia
164 2248 201 2307 de
222 2268 257 2309 eo
277 2246 385 2318 triadis,
405 2252 596 2331 ingeniosum
619 2252 833 2315 adolescentem
853 2249 961 2322 fuisse,
985 2266 1016 2309 ct
1044 2250 1078 2308 in
1106 2248 1248 2310 Latinum

85 2332 234 2413 eleganter
255 2332 375 2391 vertisse
397 2330 522 2413 Graecus
550 2332 698 2401 fabulas,
719 2353 769 2394 seu
792 2334 974 2400 Comoedias,
996 2346 1030 2391 ut
1056 2346 1141 2397 reor,
1162 2329 1249 2397 versi·

83 2409 163 2470 bns.
187 2412 229 2469 Ex
249 2429 308 2491 quo
328 2411 506 2497 intelligitur
518 2459 526 2482 ,
539 2434 606 2474 eum
629 2434 689 2474 non
710 2414 942 2475 Declamatortrn
956 2405 1167 2481 solum,sed·et
1181 2407 1252 2466 Poe·

86 2510 151 2551 tam
173 2486 281 2551 fuisse.
296 2492 400 2552 Seneca
422 2512 482 2553 non
503 2495 593 2563 dicit,
606 2516 745 2577 quasnam
762 2496 886 2559 Graecas
906 2493 977 2551 Fri.
991 2492 1023 2550 in
1037 2493 1178 2553 hunum
1192 2508 1253 2550 ver·

83 2574 131 2637 {it
153 2616 161 2631 .
183 2572 256 2642 His,
276 2590 306 2631 et
325 2572 392 2633 aliis
413 2574 516 2635 multia
529 2578 720 2637 versionibus
741 2578 858 2637 Latinis
877 2593 1028 2634 caremus.
1250 2579 1253 2583 “

133 2649 268 2725 Satrius,
291 2655 381 2715 Poeta
402 2656 711 2741 Comoediogsaphus,
732 2660 840 2717 citatur
864 2655 976 2737 aFulg.
991 2651 1169 2720 Planciade.
1250 2711 1252 2714 .

126 2810 272 2891 Syagrius
291 2811 461 2957 (Afranpn.
481 2797 572 2878 Pracf.
588 2740 798 2901 pr.?inemque
820 2817 948 2956 insipnis
967 2816 1077 2876 Poeta.
1098 2810 1148 2873 Ad
1168 2807 1247 2875 isunc

81 2914 156 2957 sunt
179 2896 272 2976 plures
293 2898 425 2976 Symmac
449 2899 455 2911 '
478 2898 614 2973 Epiust.
630 2916 710 2970 a.,et
725 2901 866 2981 plurimae
889 2919 902 2955 r
923 2918 952 2955 cs
972 2896 1097 2956 directae
1117 2915 1134 2953 a
1153 2889 1248 2966 Theo·

77 2978 161 3043 dosii
182 2972 261 3046 filiis,
282 2980 341 3057 jam
354 2980 579 3061 Imperatoribus
591 3026 599 3051 ‚
612 3000 685 3063 quae
704 2998 821 3041 exstant
840 2980 875 3037 in
897 2919 963 3037 dod.
984 2974 1089 3036 asera.
1102 2973 1248 3037 Laudatur

79 3076 97 3118 a
119 3055 317 3137 Symmacho,
338 3077 371 3119 nt
393 3062 437 3119 vir
456 3060 579 3123 doctus.
601 3064 650 3121 nd
670 3082 737 3122 eurn
759 3077 828 3121 sunt
848 3058 992 3119 nonnulla
1020 3058 1150 3125 Ausonii
1174 3057 1269 3116 ›Car-st

81 3140 189 3199 mina.
210 3138 354 3198 Meminit
374 3141 410 3202 de
429 3160 465 3201 eo
484 3145 576 3204 etiarn
594 3143 704 3207 Sidon.
712 3142 810 3225 Apoll.
823 3143 859 3201 in
878 3140 984 3219 Episrt.
997 3138 1068 3202 Fuit
1087 3138 1155 3201 cos.
1173 3154 1245 3208 cuns

84 3219 228 3278 Antonio
247 3220 393 3301 quodam.
537 3232 540 3239 '
1221 3230 1237 3243 ”

512 3284 696 3365 corollarium
723 3302 816 3364 Xlll.

120 3378 270 3457 Syllum,
290 3398 340 3443 seu
360 3382 450 3446 Vates
470 3378 632 3457 foeminae,
655 3389 806 3470 Virgines,
827 3404 900 3465 quae
919 3383 1143 3446 Vaticinia‘sua
1161 3380 1248 3441 versi·
1352 3429 1357 3437 .

85 3460 141 3524 bus
160 3460 322 3524 tradidere.
341 3464 402 3525 ilas
422 3467 499 3525 inter
513 3467 654 3529 Erhnicos
673 3468 802 3528 floruisse
821 3465 1024 3547 indubitatum
1044 3465 1180 3541 est-Qua
1200 3469 1253 3523 aaa·

84 3560 149 3604 tem
169 3542 270 3627 lingua
291 3546 458 3627 scripserint
476 3548 629 3609 vaticinia
650 3560 723 3611 sual
743 3567 804 3609 non
825 3550 938 3629 liquet.
959 3544 1128 3605 Verisimile
1146 3559 1246 3603 autem

84 3640 153 3692 cst,
178 3624 334 3685 nonnullas
353 3626 460 3688 saltem
480 3630 591 3691 Graeco
612 3650 695 3694 serm.
711 3629 858 3711 scripsisse
869 3670 877 3687 .
890 3628 972 3711 virg.
984 3629 1018 3686 in
1038 3626 1150 3701 Ecloga
1161 3622 1250 3692 ,Pon

55 3774 59 3783 ι
83 3706 129 3770 lio
150 3698 233 3764 affert
241 3703 373 3782 sybillae
382 3708 524 3771 Cumaeae
544 3714 650 3774 Latina
669 3714 816 3771 carmina.
838 3708 1128 3777 nestorianismi
1147 3723 1248 3767 earum

84 3786 242 3847 Vaticinia
255 3790 366 3850 Graeco
387 3809 519 3851 sermone
539 3795 650 3853 citant.
673 3794 799 3851 Videtur
819 3791 923 3872 primis
944 3784 1132 3857 &clanculis
1151 3782 1249 3865 syort.

87 3868 183 3930 aarum
198 3870 355 3942 Carmina,
374 3872 565 3934 etVaticinia
584 3874 719 3959 vulgata,
740 3890 770 3933 et
800 3888 890 3941 nota,
911 3890 977 3931 turn
992 3870 1161 3936 -Ethnicis,
1181 3877 1256 3937 tum¹

80 3948 289 4028 ,christianiss
308 3953 380 4021 alias
397 3954 452 4017 isti
470 3954 514 4028 eit
533 3955 581 4019 uti
598 3972 664 4017 non
674 3952 800 4043 fuissene
810 3954 1078 4018 adtonsiuttodcr
1090 3950 1254 4017 senuisse:
