3317 4817
434 405 513 462 ‚tlt
571 437 578 444 -
697 463 703 470 ,
806 441 809 445 .
965 391 1011 452 Hi
1053 449 1057 458 .

621 479 625 484 “
855 471 1044 532 Corollariurn
1077 459 1133 529 Ν.

433 552 596 614 ‘Historici
614 551 719 613 Latini
739 549 871 632 antiqui.
886 553 971 612 Plura
991 549 1097 610 horum
1111 552 1205 630 Opera
1226 545 1391 629 perierunt,
1407 546 1452 607 vel
1472 545 1572 621 latent}

398 655 543 716 ,quorum
564 631 666 714 fragm.
690 630 831 691 nonnulla
859 631 1011 712 leguntur,
1031 631 1150 690 collecta
1178 627 1216 687 ab
1236 629 1374 687 Ausonio
1400 629 1570 708 Popma,a
1639 639 1640 696 j

415 713 602 783 Riccobono‚
621 713 759 772 Manutio
772 757 779 781 ,
792 729 821 770 et
842 711 923 771 aliis.
944 709 1185 784 VideScriptores
1198 707 1282 766 inS.
1303 707 1438 765 Historiti
1459 709 1569 766 Roma·
1639 709 1640 746 f

416 795 450 854 ni
471 794 570 853 minus
590 793 713 853 accurati
733 790 871 860 fuerunt,
893 811 978 872 quam
999 791 1143 850 Histotici
1163 787 1298 856 Hebraei,
1319 789 1353 845 in
1373 787 1511 846 texendis
1532 784 1571 844 fa·
1639 855 1640 862 ἶ

416 873 565 936 miliarum
575 872 788 956 Genealrpiis·
810 871 922 930 Multos
942 869 1125 931 Christianos
1137 868 1304 929 Historicos
1323 867 1573 926 anteHonorium
1639 869 1640 936 ἶ

418 951 521 1022 fuisse,
541 954 592 1033 qui
613 953 763 1014 Passiones
782 947 943 1028 Martyrum
957 992 965 1014 ‚
978 967 1007 1008 et
1030 949 1087 1009 alia
1107 949 1144 1008 ad
1164 947 1363 1011 Christianam
1380 945 1576 1036 Religionem
1639 949 1640 1014 Ϊ

413 1035 585 1118 spectantia,
598 1032 771 1112 scripserunt
783 1070 791 1095 ‚
803 1049 927 1112 quorum
948 1032 1043 1110 Opera
1066 1029 1222 1108 deperdita·
1238 1025 1365 1094 fuerunt,
1378 1022 1573 1084 Ethnrcorunt
1639 1073 1640 1098 p

418 1115 452 1171 in
465 1131 508 1177 tes
521 1109 753 1172 Christianorum
774 1110 863 1175 odio,
878 1127 998 1171 testatur
1011 1108 1188 1170 Prudentius
1209 1111 1460 1206 sssfflupxymp
1478 1106 1531 1164 lib.
1545 1123 1570 1162 ι.
1639 1099 1640 1148 l

421 1201 472 1270 his
491 1208 634 1270 versibus:
1639 1269 1640 1282 ¹

579 1291 629 1346 Ol
648 1292 809 1350 vetustatis·
822 1290 927 1350 silentis
955 1288 1080 1348 obsoleta
1100 1288 1223 1364 oblivio.
1424 1337 1426 1342 .
1639 1285 1640 1334 l

570 1370 736 1431 invidentur
753 1373 809 1428 ista
829 1371 926 1440 nolis,
943 1367 1043 1449 fama,
1063 1383 1090 1425 et
1109 1369 1171 1442 ipsa
1194 1369 1384 1446 extinguitur:

581 1444 734 1508 chartulas
754 1452 815 1508 llas
833 1470 907 1512 emus
928 1449 994 1508 olirn
1015 1467 1078 1504 nam
1098 1446 1221 1506 Satelles
1241 1450 1376 1514 abstulit.

550 1529 622 1594 'Ne
642 1531 782 1592 tenacibus
815 1530 907 1588 ihellis
927 1529 1034 1586 erudita
1053 1528 1161 1591 secula,
1237 1519 1240 1537 '
1596 1589 1600 1596 .
1639 1585 1640 1594 χ

496 1681 500 1685 ἦ
574 1608 705 1666 Ordinem
724 1609 854 1685 temporis
873 1610 1036 1688 modumque
1051 1607 1190 1684 passionis
1206 1607 1371 1681 proditura,
1599 1601 1603 1616 ¹
1639 1595 1640 1664 l

574 1687 718 1750 Dulcibus
737 1690 843 1769 linguis
869 1709 922 1765 per
939 1707 1020 1745 aures
1035 1703 1207 1763 posterorum
1229 1699 1406 1766 spargerent.
1639 1671 1640 1764 Ῐ

867 1829 1049 1888 Corollarium
1082 1826 1121 1886 V.
1639 1805 1640 1886 l

452 1903 625 1978 llrstriones,
647 1928 677 1969 et
696 1910 802 1981 trimi,
825 1909 1010 1975 Fabularum,
1035 1926 1085 1966 seu
1106 1905 1350 1974 comoediarum,
1372 1921 1401 1965 et
1421 1907 1575 1988 Tragoed:
1639 1907 1640 1980 j

416 1991 547 2058 lictores,
567 2007 632 2048 tum
654 2008 741 2059 noce,
754 2009 818 2050 tum
839 2009 938 2074 gestu,
958 1987 1035 2070 apud
1055 1989 1141 2044 Rom.
1164 1979 1281 2045 fuerunt
1308 2005 1368 2044 non
1391 1987 1496 2065 pauci,
1517 1986 1573 2066 qui
1639 2007 1640 2070 l

413 2070 517 2150 populi
537 2068 727 2129 oblectationi
756 2069 974 2130 inserviebant,
1006 2065 1170 2126 Laudantur
1189 2087 1207 2124 a
1226 2067 1313 2130 eie,
1333 2078 1469 2146 tanquam
1492 2067 1575 2144 prin·
1639 2083 1640 2138 g

412 2151 492 2228 cipes
519 2148 554 2206 in
580 2146 773 2219 histrionice,
795 2171 844 2208 seu
865 2149 987 2207 mimica
1015 2163 1075 2205 arte
1094 2145 1235 2216 Roscius,
1256 2163 1286 2203 et
1307 2143 1458 2220 Aesopus.
1489 2145 1572 2201 Vide
1639 2159 1640 2226 ζ

410 2228 542 2300 Aesopus
562 2227 595 2283 in
615 2225 655 2284 A.
676 2228 763 2285 Minci
783 2230 816 2286 in
839 2227 902 2288 M..
930 2225 1019 2286 Unde
1039 2225 1198 2284 Histriones
1219 2221 1319 2284 dicti?
1339 2245 1408 2306 saga
1439 2239 1482 2282 est
1504 2225 1574 2302 opi·
1639 2267 1640 2270 η

412 2306 489 2364 nio.
510 2306 643 2363 Forsitan
665 2306 700 2364 de
720 2309 864 2368 Romanis
885 2308 945 2366 dici
967 2303 1077 2386 posset,
1090 2306 1169 2388 q'uod
1190 2305 1225 2364 de
1247 2302 1478 2366 Atheniensibus
1503 2305 1574 2361 Plu·
1639 2325 1640 2370 3

412 2381 544 2443 tarchus:
559 2384 622 2463 plus
643 2405 692 2443 eos
712 2387 892 2466 impendisse
911 2388 944 2444 in
956 2389 1070 2446 Seenica
1085 2430 1092 2453 ‚
1108 2375 1157 2444 s'eu
1167 2385 1350 2444 Histrionica
1361 2424 1369 2447 s
1381 2400 1411 2440 et
1430 2382 1487 2442 alia
1509 2401 1574 2462 spe·
1639 2417 1640 2458 t

413 2463 545 2529 oracula,
565 2482 653 2543 quarn
672 2463 799 2528 in'bella
820 2510 827 2523 .
858 2465 939 2524 bella
959 2467 1039 2524 enim
1061 2485 1142 2545 saepe
1161 2463 1292 2524 bostium
1320 2465 1462 2542 impensis
1483 2458 1574 2520 facie·

409 2542 505 2611 bant,
529 2559 559 2600 et
579 2542 690 2624 luctum
710 2564 745 2603 ex
766 2546 827 2604 illis
847 2546 1025 2604 immensum
1056 2542 1257 2624 reportabant:
1277 2543 1441 2624 Spectacula
1471 2559 1571 2600 autem

416 2621 537 2762 plublice
549 2623 678 2705 propriis
689 2626 823 2704 expensis
835 2669 842 2693 ‚
852 2643 882 2683 et
894 2626 957 2684 sine
972 2625 1072 2684 'lucro
1096 2625 1315 2702 Nonnunquam
1342 2623 1432 2680 etiam
1453 2635 1575 2699 psopter

342 2764 345 2768 ,
397 2713 399 2717 ’
451 2700 602 2771 miriones,
623 2722 658 2762 ex
679 2703 802 2763 diversis
822 2713 1014 2785 spectatorum
1028 2703 1149 2771 studiis,
1171 2703 1314 2774 tumultus
1333 2703 1445 2763 Romae
1465 2701 1576 2758 excita·
1639 2703 1640 2778 l

415 2780 539 2840 bantur.
552 2781 660 2858 Quod,
680 2802 746 2842 curn
768 2780 875 2843 celebri
896 2785 1045 2842 Histrioni
1067 2783 1143 2841 vitio
1162 2783 1241 2841 daret
1261 2785 1427 2865 Augustus.
1446 2793 1575 2858 eumque
1639 2779 1640 2840 l

382 2899 386 2902 >
416 2859 456 2920 ob
476 2860 508 2919 id
536 2861 720 2945 objurgaret:
740 2863 920 2943 respondisse
947 2864 1055 2921 dicitur
1075 2863 1210 2925 Histrio:
1230 2862 1353 2936 umens
1374 2861 1423 2918 tibi
1447 2859 1572 2927 Caesar,

412 2941 548 3015 populum
570 2943 642 2998 circa
663 2961 712 2999 nos
732 2943 876 3004 distineri.
899 2945 943 3000 Ita
963 2944 1046 3000 Dion
1066 2943 1091 2998 t·
1107 2953 1158 3012 ¹54„
1179 2941 1268 3022 Apud·
1288 2949 1413 3004 Graecos
1434 2941 1490 2998 Ars
1514 2941 1572 2996 Hi·
1639 2949 1640 3012 ζ

411 3019 551 3077 atrionica
581 3018 701 3078 infamis
730 3035 892 3086 nostrate
913 3023 990 3102 apud
1011 3023 1162 3082 Romanos
1192 3038 1290 3100 autem
1310 3020 1472 3078 Histriancs
1493 3019 1574 3076 male
1639 3013 1640 3066 ἶ

389 3097 589 3166 'audiebanr‚
611 3113 644 3156 ur
664 3118 761 3159 nunc:
784 3101 982 3161 nihilominus
997 3098 1041 3158 ‘hi
1063 3101 1171 3159 multos
1203 3118 1360 3180 patronos,
1383 3117 1413 3158 et
1433 3097 1565 3159 fautores

409 3171 577 3241 habebant.
600 3177 701 3238 Cicero
721 3181 764 3242 M.
786 3181 924 3239 Antonio
945 3182 977 3238 in
998 3179 1121 3255 Philipp.
1142 3179 1246 3258 objicit
1276 3199 1374 3258 parum
1407 3177 1570 3237 honestum
1639 3175 1640 3204 ³

407 3273 476 3314 tum
490 3257 614 3316 Mimula
627 3258 749 3336 quadam
762 3261 970 3320 commercium
980 3303 988 3328 ‚
1000 3279 1096 3341 quam,
1110 3257 1239 3325 arbitror,
1254 3256 1442 3337 Cytheridem
1463 3255 1570 3326 fuisse,

410 3352 496 3395 antea
516 3337 605 3415 Corn.
629 3337 710 3395 Galli
731 3341 875 3398 amicam.
897 3339 1055 3398 Histriones
1075 3342 1131 3400 Tra
1151 3339 1268 3406 oedias,
1290 3355 1318 3396 et
1340 3338 1531 3402 Comoedias.
1550 3357 1570 3396 a

411 3413 495 3474 claris
515 3416 615 3475 Poetis
641 3416 810 3486 lucubratas,
831 3418 985 3477 emebant.
1013 3420 1112 3478 Piridi
1165 3419 1271 3476 istrioni
1295 3417 1431 3478 vendidit
1457 3418 1572 3478 Statius
1639 3423 1640 3476 4

408 3510 491 3555 suain
512 3492 716 3572 Agaue,teste
735 3498 890 3566 iuvenali,
911 3513 943 3556 ut
952 3497 1058 3636 lilim
1078 3515 1174 3582 posset
1194 3494 1318 3556 samem.

419 3673 426 3697 ν
450 3654 594 3713 Honorius
611 3696 619 3720 ‚
639 3656 726 3715 Rom.
748 3661 824 3738 Imp.
840 3683 850 3727 ‚¹
868 3653 983 3716 Theod.
1003 3659 1045 3715 Μ.
1067 3655 1165 3722 tilius,
1186 3657 1265 3717 Patri
1286 3656 1380 3717 solum
1401 3658 1435 3716 in
1456 3657 1571 3740 religio·
1639 3669 1640 3684 ³

405 3741 472 3800 ne,‘
482 3751 513 3792 et
532 3736 640 3812 pietate
660 3736 795 3798 similis.
816 3740 854 3794 In
877 3738 943 3794 Coa.
969 3735 1072 3794 Theod.
1093 3753 1163 3796 sunt
1195 3739 1365 3796 innumerae
1386 3738 1509 3796 Honoris*
1530 3738 1570 3796 le·
1639 3733 1640 3736 '

405 3829 474 3892 ges,
496 3831 614 3892 quarum
635 3815 744 3875 multae
765 3816 843 3875 latae
858 3813 977 3875 fuerunt
997 3834 1097 3876 contra
1117 3813 1272 3875 Etbnicam
1304 3819 1570 3896 superstitionem.
1639 3821 1640 3894 l

404 3903 435 3979 et
454 3908 599 3968 serpentes
619 3890 745 3954 haereses
765 3917 772 3952 ε
793 3895 888 3974 plures
915 3897 1004 3954 etiam
1036 3897 1077 3953 in·
1091 3893 1218 3954 favorem
1235 3897 1448 3956 Ministrorum
1472 3895 1570 3956 Eccle-
1639 3895 1640 3930 ³

403 3985 480 4040 arte.
500 3971 694 4050 Ejus'lipistt.
714 3974 753 4037 ad
772 3971 1004 4057 Symmachum,
1024 3973 1115 4036 Praei.
1127 3973 1206 4037 urbis
1218 4013 1227 4041 .
1239 3974 1375 4060 legunttu
1394 3977 1475 4038 inter
1488 3977 1570 4058 Sytn-
1639 3973 1640 3976 '
