3317 4817
451 329 511 388 rto'
627 367 631 376 ·
958 327 1012 386 DE
1354 378 1358 379 γ

355 411 357 414 ’
407 404 543 467 Adsum
565 420 633 465 sunt
653 403 776 466 directae
796 409 874 482 leges
899 427 961 479 μ,
983 424 1013 464 et
1035 404 1128 476 sude
1148 405 1237 466 Currit
1261 405 1374 482 publico
1403 405 1439 469 eb
1459 407 1568 470 Hono}

407 487 470 562 tio,
490 505 519 544 et
539 486 664 546 Arcadio
685 487 758 545 latae
773 505 823 546 un.
837 483 958 544 Christi
972 507 1036 560 395.
1050 487 1124 544 Item
1147 486 1165 544 l.
1180 487 1300 550 ultima:
1322 489 1408 564 siquis
1423 490 1562 562 pecunias

408 563 621 645 conflauerit,et
642 567 661 623 l.'
675 586 701 626 s.
715 565 748 623 le
768 563 972 622 Exetutoribus
993 566 1025 622 in
1048 565 1112 622 Col.
1131 565 1234 625 Theoi.
1247 569 1329 625 'Fuit
1348 566 1482 638 amicitia
1500 573 1568 645 jun·

402 647 467 701 cius
487 665 552 702 cum
573 647 740 720 S.Hieron'.,
753 647 804 724 qui
825 650 886 724 ejus
906 664 988 703 suasu
1008 645 1123 725 scripsit
1144 646 1210 706 Lib.
1223 646 1260 704 de
1281 646 1354 713 Viris
1372 647 1565 715 illustribus,

405 729 454 782 se‘u
475 723 510 782 de
531 723 714 798 Scriptoribus
735 725 868 792 Eccles,
909 742 973 782 uem
995 726 1109 783 Dextro
1130 725 1563 789 dicarit'.‘1dem⁴8.,Doctor

405 803 588 863 mentionem
610 800 678 864 facit
702 742 1046 872 omnimembrorum,
1067 803 1207 862 aDextro
1218 806 1414 884 compositae,
1427 821 1457 863 et
1478 804 1516 860 ad
1538 805 1565 861 S.

408 879 529 940 Hieron.
543 883 666 942 directae
685 907 691 940 ε
712 903 797 964 quern
826 903 926 942 tamen
951 885 1101 943 S.Doctot
1129 885 1262 944 nondum
1293 884 1429 942 viderat.
1453 882 1566 940 Dextri

407 960 579 1030 Chronicort,
602 963 647 1020 vel
668 964 745 1056 quod
766 963 818 1038 sub
839 963 947 1021 Dextri
967 965 1089 1027 nomine
1109 965 1240 1044 apparuit
1260 965 1293 1042 ip
1312 962 1370 1020 line
1393 971 1438 1020 16.
1452 961 1564 1030 Seculi,

407 1040 441 1098 in
463 1060 520 1120 quo
542 1040 621 1120 plura
642 1045 782 1122 Hispanis
802 1041 926 1126 gloriosa
946 1045 1154 1110 continentur,
1177 1064 1222 1101 ma
1244 1062 1293 1100 nas
1315 1042 1381 1100 lites
1401 1042 1482 1099 inter
1503 1061 1563 1100 eru·

406 1119 485 1177 ditos
507 1123 653 1202 Hispanos
675 1125 814 1182 excitavit
831 1166 839 1190 ,
859 1123 925 1181 aliis
944 1122 1205 1190 contendentibus,
1222 1065 1389 1204 Fugitimum
1400 1138 1461 1178 csse
1479 1119 1563 1177 Dex-

407 1200 444 1255 tri
464 1197 584 1270 foetum,
597 1201 661 1260 aliis
682 1201 975 1288 negantibusMulta
996 1203 1099 1282 scripta
1121 1200 1237 1260 flectunt
1258 1219 1327 1280 pro,
1343 1197 1565 1259 eteontrahoc

409 1276 579 1337 chronicon.
602 1281 655 1339 Per
674 1283 820 1364 integrum
854 1278 943 1342 ferme
970 1281 1093 1340 seculum
1114 1300 1218 1360 anceps
1238 1278 1296 1338 fuit
1313 1280 1392 1361 inter
1413 1281 1493 1338 vitos
1514 1279 1563 1337 lit·

409 1375 515 1416 teratos
536 1359 573 1416 tle
593 1357 644 1418 hac
664 1382 693 1420 re
719 1363 1023 1434 judicium.'Tandem
1044 1380 1178 1419 caussam·
1191 1361 1295 1419 uicisse
1324 1358 1484 1426 ridentur,
1507 1359 1561 1438 qui
1647 1428 1648 1433 ἵ

409 1435 561 1496 Chronicorr
581 1433 805 1524 oppugnabant.
840 1442 902 1518 Qui
923 1442 959 1499 de
979 1439 1033 1498 hoc
1053 1440 1173 1521 negotio
1195 1435 1258 1497 fuse
1278 1439 1324 1496 dis
1364 1455 1423 1495 tata
1442 1456 1563 1494 noscere
1647 1496 1648 1499 ,

403 1516 491 1594 uelit,
512 1517 593 1576 adeat
605 1521 699 1606 Opus,
712 1522 790 1602 quod
811 1521 957 1580 edidimus
967 1521 1126 1578 Barcinone
1146 1519 1248 1576 multis
1267 1517 1302 1575 ab
1343 1517 1563 1593 incanuis,cui
1647 1530 1648 1543 ¹

403 1595 523 1660 titulusr
535 1597 677 1669 Nomina,
692 1619 718 1658 er
731 1600 808 1659 Atta
820 1601 1015 1674 Episcopsrrun
1028 1599 1222 1656 Barcinonad
1239 1596 1402 1664 Historiae,
1424 1613 1453 1652 et
1476 1595 1563 1653 curo.
1647 1624 1648 1667 r

405 1675 536 1752 rrologiae
556 1681 689 1737 rationem
719 1697 868 1749 reuocata,
891 1681 1019 1738 dicatum
1046 1678 1164 1736 doctiss.
1184 1679 1297 1734 Barcin.
1317 1676 1462 1755 Episcopo
1489 1676 1561 1732 DD.
1647 1726 1648 1745 ,

365 1807 367 1810 .
405 1756 547 1814 Ascensio
568 1757 650 1826 Sales,
672 1763 752 1836 cujus
771 1765 866 1837 jussu,
880 1777 909 1818 et
929 1760 1062 1838 expensis
1081 1755 1138 1831 fuit
1158 1757 1240 1836 Opus
1260 1756 1339 1814 istud
1360 1754 1421 1812 luce
1442 1753 1562 1833 publica
1647 1784 1648 1821 3

376 1865 386 1876 ν
403 1835 563 1894 donatum:
586 1839 623 1894 In
643 1857 840 1916 coquentem
861 1842 895 1898 in
916 1838 1002 1896 nobis
1020 1835 1087 1906 fuit,
1108 1836 1247 1916 singulari
1260 1835 1496 1891 Dissertatiorzea
1511 1853 1562 1890 no·
1647 1876 1648 1891 r

402 1931 431 1972 ta
453 1917 621 1994 impostoris
643 1919 860 1978 vindicavimus
881 1920 1096 1996 Hieronymum
1119 1916 1234 1973 Roman
1254 1915 1291 1972 de
1311 1913 1336 1971 la
1350 1915 1487 1994 Higueta,
1507 1913 1559 1972 cui

379 2021 382 2023 ·
405 1993 559 2052 Glrronieon
579 1995 652 2054 illud
674 1996 832 2057 tribuitur.
852 1999 1046 2057 Ostendimus
1065 1997 1154 2054 etiam
1163 1995 1287 2054 Dissert.
1301 1995 1387 2052 altem
1398 2011 1502 2051 contra
1516 1995 1560 2051 ri·

401 2081 465 2131 rum
488 2074 631 2132 eruditiss.
646 2078 897 2160 DD.·Gregorium
913 2078 1100 2156 Majansium‚
1111 2078 1137 2134 S.
1146 2077 1290 2141 Severum,
1301 2091 1387 2153 quern
1396 2116 1403 2140 ,
1412 2093 1446 2130 ut
1458 2073 1557 2151 Episc.

402 2171 486 2210 suum
507 2153 608 2210 colunt
629 2156 781 2232 Barcinon.
804 2157 949 2216 diversum
970 2155 1059 2216 fuisse
1087 2177 1102 2214 a
1124 2157 1315 2224 Rauennate,
1336 2169 1365 2212 et
1393 2154 1558 2231 Martytem

400 2229 566 2298 occubuisse
587 2231 668 2296 clero
689 2235 789 2300 trabali
809 2242 870 2316 ejus
892 2236 1071 2317 temporibus
1089 2232 1197 2293 infixo.

840 2398 1023 2456 corollarium
1044 2396 1103 2455 III.

406 2487 411 2492 ·
434 2471 555 2544 Diuris,
578 2477 640 2536 sii'e
659 2475 1036 2616 Ephemerides'iiomanae
1056 2475 1165 2544 Urbis,
1183 2474 1201 2549 (
1216 2477 1251 2534 in
1271 2473 1378 2566 quibus
1388 2442 1474 2556 ,quae
1495 2476 1557 2533 uo·
1647 2502 1648 2513 ¹

391 2572 456 2612 mae
476 2554 577 2615 diebus
597 2559 682 2641 singu
695 2562 721 2617 is
741 2555 1188 2642 contingebant,.notabantut)
1216 2553 1273 2614 lete
1293 2574 1393 2614 omum
1415 2557 1551 2634 periere.

388 2635 545 2714 Supersunt
565 2637 657 2694 solum
680 2635 838 2720 fragmenta
858 2661 873 2698 a
894 2640 966 2696 viris
985 2638 1107 2695 eruditis
1127 2634 1400 2703 collecta,et·edita
1412 2638 1448 2692 in
1475 2635 1549 2693 The·

385 2731 469 2770 sarno
480 2714 688 2790 [rescriptionem
708 2720 882 2793 antiquarum
903 2720 1020 2776 Roman.
1029 2719 1072 2774 Ex
1085 2714 1131 2772 his
1143 2711 1351 2796 fragm,·iutelli
1372 2715 1441 2783 itur,
1457 2736 1475 2772 a
1489 2717 1549 2772 Ro·

386 2793 482 2852 manis
502 2795 590 2852 etiam
623 2798 822 2868 minutissima
841 2818 969 2878 quaeque
990 2797 1086 2855 notari
1106 2795 1209 2862 solita,
1231 2812 1261 2852 et
1281 2795 1326 2851 in„
1370 2796 1445 2851 iuria
1464 2793 1549 2852 refer·

390 2872 416 2928 ri
435 2894 445 2929 r
467 2874 492 2931 si
514 2875 659 2934 tonabat:
680 2878 704 2934 si
725 2873 884 2958 fulgurabat
895 2899 906 2941 ,r
926 2880 950 2935 si
971 2873 1161 2957 grandinabat
1169 2897 1182 2930 -:
1202 2875 1229 2955 si
1246 2873 1405 2958 ringebat:
1427 2874 1453 2932 si
1476 2875 1558 2954 plue·

389 2947 455 3008 bet:
477 2953 501 3010 si
523 2955 648 3020 sudum:
668 2957 692 3012 si
713 2958 774 3014 rixa
793 2975 852 3016 erat
869 3001 877 3025 ,
892 2956 938 3014 vel
957 2959 982 3014 si
1004 2953 1202 3017 homicidium
1224 2953 1343 3032 aliquod
1364 2952 1553 3032 patrabatur,

389 3044 419 3086 et
440 3048 498 3108 quo
519 3031 553 3088 in
574 3029 638 3092 loco
660 3035 766 3093 Urbis:
794 3038 818 3094 si
839 3038 905 3115 quis
924 3035 1119 3102 accusabatur,
1139 3042 1252 3111 'a-quo:
1265 3050 1294 3090 et
1319 3033 1356 3099 de
1376 3053 1554 3114 qumque

389 3105 628 3184 defendebamus
638 3131 710 3192 quot
740 3116 874 3175 iudicum
896 3112 1038 3196 sulliagiis
1059 3132 1132 3172 esset
1153 3111 1324 3175 absolutus,
1344 3129 1372 3170 et
1392 3131 1469 3192 quot
1488 3134 1557 3170 serr·
1647 3184 1648 3187 Ἴ

386 3187 490 3248 tentiis
513 3189 693 3257 damn'atus;
716 3195 849 3274 quisnam
871 3194 906 3254 ad
926 3195 1141 3260 Consulatum,
1164 3194 1210 3250 vel
1230 3193 1436 3272 Magistratum
1457 3193 1553 3251 alium
1647 3196 1648 3265 ,

385 3266 561 3348 eligeretur:
584 3273 717 3350 quisnam
739 3275 890 3352 paludatus
910 3274 946 3332 ad
968 3273 1074 3336 bellum
1105 3273 1253 3350 auspicato
1280 3277 1395 3335 exiret,
1416 3290 1445 3330 et
1473 3273 1554 3352 quis·

307 3368 310 3373 ¹
385 3364 454 3406 nem
468 3347 504 3406 ad
516 3351 934 3434 provintiamgubernandam
950 3373 983 3413 ex
1001 3353 1077 3411 Urbe
1094 3352 1288 3443 egrederetur,
1298 3370 1353 3412 cet.
1367 3351 1446 3410 Vide
1459 3351 1553 3427 Epire·

382 3427 495 3483 merides
506 3429 539 3486 in
551 3429 587 3488 E.
604 3430 680 3488 Aera
695 3432 727 3491 in
743 3429 857 3504 Ar‘Cic.
870 3434 904 3491 in
915 3433 999 3494 altera
1020 3453 1054 3490 ex
1067 3432 1158 3503 Epist.
1170 3447 1263 3499 notat,
1278 3432 1386 3499 nescio,
1399 3451 1488 3510 quem
1500 3452 1551 3504 eo,

383 3505 464 3591 quud
483 3507 519 3570 ad
540 3528 569 3567 se
588 3529 635 3570 tes¹
652 3503 772 3571 frirolas
785 3511 874 3570 Urbis
895 3511 1046 3580 scriberet,
1067 3529 1139 3590 quae
1158 3511 1194 3569 in
1214 3509 1315 3592 Diaxtia
1335 3509 1552 3571 referebantur.

461 3647 462 3652 ,
711 3587 713 3590 ’
832 3587 1015 3650 corollarium
1043 3591 1099 3648 IV.
1401 3632 1404 3636 ι

429 3661 591 3735 Dictator,
613 3665 724 3728 Romae
742 3667 904 3751 ‘eligebatur
921 3670 958 3728 ad
980 3679 1005 3726 6.
1024 3687 1158 3738 meuses,
1180 3669 1253 3728 ultra
1273 3689 1345 3753 quos
1367 3666 1447 3728 nefas
1466 3687 1553 3742 erat,
1647 3726 1648 3743 ,

382 3740 427 3800 rel
441 3743 518 3802 diem
540 3765 642 3815 unum,
656 3748 811 3827 imperium
826 3749 1022 3822 Dictatotium
1032 3793 1040 3815 ,
1052 3749 1131 3830 quod
1150 3769 1233 3826 supra
1246 3751 1430 3831 magistratus
1443 3769 1562 3810 omnes
1647 3758 1648 3795 ³

380 3833 466 3888 erat,
489 3839 517 3881 et
534 3825 629 3884 'ueluti
650 3825 753 3908 regale,
769 3847 938 3908 prorogare.
960 3825 1039 3910 Eligi
1061 3843 1157 3885 autern
1180 3817 1383 3900 solebat,cum
1405 3838 1555 3912 magnum
1647 3838 1648 3845 ’

376 3897 496 3982 aliquod
523 3903 682 3989 periculum
703 3905 789 3988 Reip.
811 3906 1011 3978 imminebat,
1032 3907 1120 3988 eique
1136 3907 1348 3978 inrumbebet,
1370 3928 1468 3969 curare
1480 3955 1488 3980 ,
1501 3929 1556 3972 ue
