3317 4817
445 445 520 490 resse
540 442 599 492 erat
619 418 759 495 Ardor,
777 421 1041 488 ultinii'l'ollionis
1058 420 1201 495 lilius,de
1220 441 1280 508 quo
1296 426 1343 495 M.
1363 422 1429 487 Seru
1450 423 1485 486 in
1504 427 1594 488 Prote.

446 512 501 568 mio
521 511 572 571 lib.
591 537 621 583 4.
644 513 775 574 controv.

486 591 584 652 Pollio
606 591 754 666 (Asinius
768 592 804 668 ),
825 592 927 652 Gram.
948 584 1070 652 forsitan
1090 587 1211 649 libertus
1232 588 1397 649 Pollionis.
1419 592 1529 651 Docuit
1542 591 1591 652 llo·
1644 620 1645 681 p

445 693 509 740 mae
530 674 655 754 Pompel
677 677 718 734 M.
742 672 937 754 temporibus.
959 671 1081 752 Scripsit
1099 672 1179 731 Hist.
1201 670 1277 750 belli
1296 671 1396 755 civilis
1408 673 1488 734 inter
1506 675 1594 733 Caesa·

447 775 531 819 tem.
552 774 580 814 et
602 758 802 836 Pompeium,
820 773 894 835 quae
915 752 1006 812 desid.
1135 784 1145 799 ·

486 835 583 895 Pollio
605 836 774 913 (Trebel.)
795 838 875 894 Hist.
895 834 1012 916 scripsit
1038 831 1119 891 Vitas
1139 831 1361 910 Imperatorum,
1374 838 1403 896 tt
1425 857 1472 906 3⁰·
1494 833 1593 912 Tyres·

445 935 562 982 norum.
582 918 739 996 floruitque
758 916 1001 979 subDioelet.‚et
1020 915 1208 975 Maximiano
1222 959 1230 975 .
1243 916 1357 986 Multae
1368 912 1592 979 Trebelliilltrtt.

443 1000 615 1138 perierunt:
635 1020 651 1058 a
673 999 821 1081 Philippis
841 1016 948 1079 nempe
967 995 1005 1056 ad
1025 995 1213 1057 Valerianum
1226 1018 1264 1069 ,a
1284 1017 1361 1080 quo,
1381 1020 1453 1082 quae
1473 1017 1592 1068 exstant,

465 1079 552 1142 abent
573 1080 746 1143 exordium.
1004 1141 1009 1154 ,
1023 1090 1025 1093 ’
1381 1101 1386 1117 .

447 1217 452 1231 ,
483 1155 620 1231 Pollius,
640 1163 727 1222 Statii
747 1160 859 1222 amitus
877 1205 885 1230 ,
905 1158 943 1220 ad
963 1179 1050 1240 quern
1071 1160 1168 1235 mittit
1187 1160 1298 1221 Statius
1323 1162 1424 1223 librum
1446 1185 1476 1232 3·
1497 1160 1594 1240 Sylva.

441 1256 522 1312 rum,
536 1242 656 1304 laudans
677 1249 739 1320 ejus
758 1238 934 1311 facundiam,
950 1260 979 1300 et
990 1241 1171 1300 doctrinam.
1182 1243 1317 1312 Videtur,
1328 1241 1364 1303 ab
1376 1242 1489 1304 urbano
1510 1244 1591 1302 ambi·

375 1396 381 1403 ι
442 1339 475 1382 tu
496 1323 609 1384 alienus
629 1320 717 1384 fuisse
739 1368 747 1394 ,
767 1343 797 1383 et
816 1324 954 1405 quietae,
974 1341 1060 1404 atque
1079 1323 1252 1406 tranquillae
1273 1326 1503 1403 titaelamaus,
1522 1344 1593 1384 extra

448 1404 556 1464 Urbem
579 1406 613 1464 in
633 1409 693 1465 suis
714 1404 840 1486 praediis
860 1405 988 1464 vixisse.
1412 1454 1416 1470 .

483 1485 595 1557 Pollux
615 1485 693 1562 (lul.
708 1487 719 1564 )
736 1533 745 1558 ,
765 1488 903 1546 Gramm'
931 1483 1053 1566 Scripsit
1070 1484 1280 1548 oromatum
1300 1532 1308 1559 ,
1328 1486 1408 1569 quod
1428 1485 1592 1549 Cumtnodo

445 1568 525 1632 Caes.
547 1571 748 1648 nuncupavit.
1239 1574 1241 1591 ⁸

480 1648 639 1724 Polybius,
660 1650 747 1710 celeb.
768 1649 849 1710 Hist.
877 1647 1136 1732 Megapolitanur,
1161 1651 1271 1710 Romae
1293 1649 1393 1709 floruit
1411 1694 1419 1720 ,
1437 1666 1472 1708 et
1493 1648 1609 1727 litteris

409 1777 413 1787 .
437 1729 567 1792 erudivit
586 1732 755 1812 Scipionem
776 1728 868 1789 Afric.
888 1733 1053 1808 juniorem,
1073 1753 1105 1792 ac
1125 1735 1188 1808 ejus
1207 1729 1323 1790 fratrent
1345 1749 1417 1792 natu
1439 1737 1592 1807 majorem.

439 1808 509 1872 Fuit
528 1812 662 1891 Scipioni
681 1833 761 1874 caros
781 1810 965 1879 admodum,
984 1829 1015 1871 et
1034 1818 1096 1891 ejus
1123 1814 1157 1872 in
1177 1812 1263 1872 bellis
1282 1833 1398 1875 comes.
1420 1813 1503 1872 Vide
1526 1811 1592 1870 Bru·

438 1908 487 1953 tus
506 1893 535 1950 in
555 1892 599 1951 B.
779 1959 782 1964 ,

476 1971 634 2050 Polybius,
656 1975 702 2034 vir
721 1973 845 2042 doctus,
866 1971 992 2047 Claudio
1014 1977 1117 2044 Caes,
1137 1979 1221 2054 cujus
1249 1973 1369 2034 libertus
1394 1991 1478 2043 erat,
1501 1994 1590 2035 carus.

436 2054 485 2114 Ad
506 2075 572 2114 eum
594 2073 636 2114 est
659 2055 854 2115 consolatoria
874 2055 967 2130 Epist.
988 2058 1021 2114 L.
1042 2059 1163 2116 Senecae
1193 2057 1228 2116 in
1249 2074 1343 2115 morte
1370 2051 1488 2124 fratris,
1509 2075 1590 2136 quarn

432 2133 467 2194 in
489 2136 606 2196 Corsica
624 2137 705 2197 exsul
726 2137 864 2217 scripsit.
885 2139 922 2195 ln
942 2157 991 2203 ea,
1006 2155 1079 2216 quae
1100 2138 1212 2220 integra
1231 2137 1269 2196 ad
1290 2156 1344 2195 nos
1364 2155 1425 2194 non
1445 2139 1589 2216 pervenit,

434 2236 501 2281 eunt
514 2213 659 2284 hortetur,
673 2237 706 2277 ut
727 2236 811 2296 opere
831 2217 931 2297 aliqud
951 2213 1047 2276 fratris
1068 2221 1238 2278 memoriam
1260 2232 1404 2278 aeternam
1418 2215 1527 2276 faciat.
1542 2217 1590 2274 Po·

419 2297 502 2374 'lybii
521 2296 688 2378 eloquentia
708 2298 835 2358 multum
855 2297 1007 2357 extollitur
1020 2319 1036 2357 a
1048 2301 1152 2357 Seneca
1170 2298 1204 2357 in
1218 2299 1326 2374 ultimo
1338 2296 1406 2372 cap.
1422 2298 1586 2372 Epistulae.

472 2377 629 2452 Polybius,
651 2379 849 2459 praecedentis
878 2375 980 2438 ftater.
1002 2380 1048 2436 De
1068 2399 1103 2438 eo
1122 2382 1187 2438 Sen.
1208 2400 1231 2438 c.
1259 2400 1306 2437 21.
1328 2375 1471 2458 praefatae
1494 2381 1584 2454 Epist.

431 2459 489 2526 air,
501 2458 591 2518 editis
602 2459 751 2538 praeclaris
770 2459 956 2538 eloquentiae
968 2461 1187 2530 monumentis,
1198 2472 1230 2519 ‘et
1249 2461 1366 2541 ingenii
1386 2455 1473 2528 fama,
1490 2483 1508 2520 a
1523 2479 1593 2520 rnor-

432 2539 546 2598 talitat‘e
567 2559 596 2598 se
617 2539 799 2600 vindicasse.
823 2541 861 2596 ln
880 2538 938 2598 line
959 2539 1046 2613 huius
1066 2540 1158 2615 Epist.
1181 2539 1249 2600 haec
1269 2540 1411 2600 notabilia
1431 2541 1591 2624 leguntur:

427 2619 510 2677 Haec
531 2637 669 2698 utcunque
683 2620 873 2697 pseudorege
888 2622 948 2700 jam
970 2623 1026 2678 situ
1046 2623 1191 2691 obsoleto,
1205 2639 1232 2679 et
1252 2619 1380 2679 hebetato
1401 2624 1499 2680 arruns
1525 2643 1592 2680 tort·
1644 2662 1645 2689 .

346 2745 349 2751 -
424 2703 510 2777 petrei
522 2721 533 2762 .·
553 2721 625 2778 quae
644 2703 684 2767 si,
706 2719 757 2760 out
772 2721 873 2776 parum
894 2704 1052 2776 respondere
1072 2703 1182 2777 ingenio
1203 2719 1272 2771 tuo,
1292 2720 1343 2760 aut
1366 2720 1470 2782 parum
1495 2700 1593 2761 mederi

386 2831 389 2838 .
429 2781 519 2842 dolori
538 2784 705 2843 uidebuntur
714 2784 938 2859 ,eogiuqoam
960 2781 1122 2860 nonfacile
1142 2783 1246 2840 latina
1266 2784 1291 2841 ei
1312 2781 1596 2842 verba'hominirur·
1644 2794 1645 2835 l

430 2882 561 2935 runaut,
584 2881 662 2941 quem
683 2865 861 2935 barbarorum
888 2865 1066 2928 inconditus,
1084 2865 1235 2940 gravisque
1266 2884 1349 2922 senus
1383 2865 1591 2923 circumsonat.

428 2947 474 3006 Ita
494 2950 616 3014 Seneca,
638 2946 689 3026 qui
711 2945 742 3004 in
764 2947 844 3004 dieta
865 2943 1074 3018 Epist.‘laudes
1095 2945 1328 3026 Claudii',aquo
1349 2945 1517 3017 exsulabat,
1531 2965 1592 3005 non

430 3029 658 3107 praetermittit.
677 3046 744 3086 eum
766 3025 831 3095 sibi,
845 3027 1007 3106 propitium
1029 3025 1148 3086 reddere
1166 3028 1303 3106 cupiens.
1335 3017 1338 3027 ’

467 3111 494 3166 S.
517 3107 711 3182 Polycarpus,
733 3109 870 3185 Smyrnae
890 3107 1042 3186 Episc.,et
1062 3109 1105 3165 M.
1118 3108 1260 3190 insignis.
1275 3104 1395 3185 Scripsit
1414 3107 1451 3166 ad
1476 3101 1591 3188 Philip

427 3207 493 3269 pen.
514 3187 647 3252 doctam.
669 3204 698 3246 et
719 3189 822 3247 utilem
845 3187 960 3261 Epist,
980 3200 1052 3267 quae
1073 3187 1254 3266 temporibus
1274 3190 1300 3246 S.
1314 3188 1436 3247 Hieron.
1451 3190 1489 3246 in
1503 3191 1593 3255 Asiae

426 3288 575 3329 conventu
599 3267 760 3348 legebatur.
794 3271 906 3328 Romae
932 3269 1040 3328 multos
1068 3267 1106 3327 ad
1125 3267 1211 3328 fidem
1234 3269 1397 3347 pertraxit,
1419 3289 1498 3348 quos
1519 3273 1595 3330 Mar.

427 3351 514 3420 cion,
527 3369 557 3410 et
579 3345 753 3411 Valentinus
772 3349 958 3430 deceperant.
981 3351 1050 3431 igni
1068 3349 1196 3412 traditus
1215 3346 1278 3420 luit,
1294 3368 1409 3430 propter
1422 3349 1543 3411 Christi
1565 3348 1595 3412 fi·
1644 3324 1645 3401 l

427 3431 494 3492 dem
516 3435 651 3511 Smyrnae
672 3433 724 3492 sub
744 3433 786 3490 M.
809 3432 997 3500 Antonino,
1019 3447 1049 3490 et
1069 3433 1113 3489 M.
1139 3429 1262 3489 Aurelio
1281 3431 1450 3489 Commodo
1483 3435 1592 3513 lmper.

431 3515 506 3575 circa
529 3512 616 3574 finem
642 3535 668 3573 2.
690 3513 765 3576 Etel.
787 3514 844 3571 Sec.
866 3513 937 3572 Fuit
958 3507 1060 3592 discip.
1082 3514 1109 3570 S.
1130 3512 1212 3570 Joan.
1225 3513 1330 3591 Apost.
1351 3512 1424 3572 alios
1444 3513 1525 3572 item
1538 3533 1595 3572 ma·

428 3596 533 3674 gistros
553 3592 656 3654 habuit
683 3615 719 3656 ex
740 3595 799 3660 iis,
823 3595 875 3675 qui
897 3591 1048 3662 Christum
1071 3593 1226 3662 uiderunt,
1247 3612 1278 3652 et
1303 3594 1461 3654 audierunt
1484 3637 1492 3653 .
1515 3595 1595 3654 Vide
1644 3614 1645 3709 p

427 3675 559 3734 Marcion
580 3677 613 3734 in
635 3674 690 3734 M.
1346 3734 1350 3744 ,
1461 3699 1472 3710 ‘
1644 3718 1645 3755 ,

469 3757 661 3830 Polycrates,
684 3753 874 3836 Ephesiorum
897 3755 1055 3823 Antistes,
1080 3755 1132 3836 qui
1161 3773 1213 3835 pro
1254 3745 1505 3816 uartodecimanir
1527 3757 1597 3818 seri·
1644 3764 1645 3813 l

425 3834 516 3901 bens,
537 3839 562 3910 S.
576 3841 692 3899 Victori
714 3840 806 3916 Papae
827 3834 1018 3899 vehementer
1034 3836 1153 3897 obstitit
1177 3837 1212 3896 in
1231 3773 1290 3897 line
1311 3859 1338 3897 2.
1357 3837 1435 3896 Eccl.
1448 3840 1512 3898 Sec.
1535 3839 1594 3897 Po·
1644 3828 1645 3909 l

425 3917 545 3993 lytratis
565 3922 675 4000 Scripta
697 3920 774 3978 nulla
796 3919 951 3999 leguntur.
1018 3977 1021 3981 ἵ
1255 3918 1265 3968 Τ
1350 3979 1352 3983 ,
1644 3914 1645 3937 ’

456 3997 610 4081 Pornpep'us
629 4001 725 4080 (CN),
748 3998 877 4078 migras
896 4001 998 4066 dietus
1012 3997 1053 4062 ob
1071 3999 1205 4085 insignes
1225 4001 1372 4071 victorias,
1391 4015 1486 4072 terra,
1500 4002 1590 4063 mari·
