3317 4817
352 356 356 366 ·
1145 344 1201 414 185

41 439 46 447 ¹
80 432 212 482 aetatem
225 416 374 491 sumna,
385 431 417 480 et
436 414 782 499 tmtsdamsapesaae,
802 432 869 479 tutu
887 416 982 482 etiam
1001 434 1102 477 mmm
1122 416 1254 477 illesas·-

81 500 238 581 tores:qui
260 501 428 581 praecipuus
448 499 574 557 Fabricii
596 519 697 579 scopus
719 499 752 557 in
773 520 822 558 sua
843 492 954 558 edenda
974 497 1153 556 Bibliotheca
1174 494 1244 557 fuis·

83 603 116 642 se
137 581 374 641 videtur.Multa
387 582 460 647 item
482 581 559 639 scitu
578 579 668 661 digna
689 578 726 640 ad
747 582 910 640 Historiam
924 580 1094 639 litterariam
1116 595 1247 659 spectau-

82 665 127 723 tia
148 664 185 723 de
205 662 381 733 Auctoribus
402 661 532 741 antiquis
552 661 587 718 in
608 680 639 721 ea
673 660 729 744 legi
748 686 755 725 ς
776 661 847 720 licet
867 661 963 719 multo
985 661 1066 740 plura
1080 659 1179 719 minua
1192 676 1245 717 uo·

83 760 115 802 ta
137 744 170 802 in
192 742 258 802 aliis
285 741 406 823 sparsim
427 742 644 806 inveniantur,
665 760 788 822 quorum
811 741 955 801 nonnulla
976 741 1080 800 addere
1101 739 1246 820 potuisset

83 826 240 894 Ernestus,
261 822 380 904 quando
400 822 458 889 sibi
532 840 680 903 posuerat,
702 824 829 884 Fabricii
849 820 1055 881 Bibliothecam
1075 838 1188 880 auctam
1201 820 1248 879 da·

78 920 130 963 re.
147 901 224 963 Illud
247 925 313 964 vero
329 902 366 976 ,(
383 903 462 987 quod
502 924 558 963 ona
578 924 645 963 cum
667 905 783 966 Ernesti
797 906 883 963 venia
903 903 1018 974 dictum
1040 901 1130 961 velim
1151 901 1163 976 )
1184 918 1249 960 non

85 984 247 1045 admodum
262 984 397 1065 probatur
410 1008 417 1043 :
432 984 510 1065 quod
527 1004 637 1064 nempe
649 1005 665 1043 a
677 986 740 1043 viro
754 985 927 1043 doctissimo
941 983 1018 1044 nuda
1031 1003 1114 1063 saepe
1122 983 1247 1040 nomina

85 1070 261 1143 auctarum,
273 1068 448 1139 Latinorum
466 1110 474 1135 ,
493 1068 527 1125 iu
548 1065 694 1147 plerisque
723 1066 862 1123 indicibus
891 1065 1105 1134 adductorum,
1127 1062 1249 1142 relique·

84 1148 145 1217 tit,
167 1148 241 1227 quin
269 1134 306 1205 de
335 1166 435 1206 eorum
461 1162 573 1220 aetate,
596 1144 776 1227 professione
797 1146 962 1216 litteraria,
983 1146 1123 1211 muniis,
1144 1144 1248 1224 patria,

83 1226 208 1288 natione
223 1228 383 1309 quidquam
405 1225 574 1287 tradiderit:
595 1247 668 1307 quae
689 1229 762 1312 ccipe
784 1228 902 1287 lectores
914 1247 976 1286 non
989 1227 1153 1307 poeniteret
1169 1224 1264 1283 .Mi·.

83 1325 140 1365 nus
161 1303 254 1371 adhuc
266 1306 522 1389 ‚probatur,quod
542 1309 719 1381 indiversis
739 1307 881 1383 lodicibus
901 1308 993 1367 iidem
1015 1310 1159 1367 Auctores
1179 1322 1245 1363 aon

85 1389 171 1469 pauci
190 1388 309 1468 repetiti
323 1388 612 1472 legantut,quodquc
633 1390 709 1449 inter
730 1408 778 1447 eos
793 1386 956 1469 complures
975 1389 1165 1467 reperiantur,
1178 1404 1269 1465 quo·-

83 1488 166 1535 rum,
180 1485 212 1527 ut
231 1488 326 1529 retum
339 1472 427 1529 etiarn
442 1471 485 1532 ,ad
507 1490 555 1529 eos
576 1471 790 1551 spectantium,
812 1471 932 1539 notitia,
943 1470 1078 1549 quamtis
1090 1470 1124 1525 in
1139 1468 1248 1525 Graeca

86 1544 270 1609 Bibliotheca
300 1550 397 1612 locum
420 1549 477 1608 sibi
498 1555 560 1629 jure
581 1550 737 1619 vendicet,
757 1550 792 1609 in
812 1553 918 1609 Latina
938 1551 1041 1607 omitti
1062 1549 1128 1606 sine
1140 1552 1274 1620 jactura‘

112 1645 204 1708 oterat
222 1650 227 1683 :
248 1647 315 1707 cum
338 1629 459 1705 Latialis
478 1628 655 1709 litteraturae
681 1651 715 1689 ex
738 1645 811 1689 ertes
830 1629 877 1709 illi
897 1648 1010 1709 prorsus
1033 1625 1164 1698 fuerint,
1186 1626 1252 1685 nul-

88 1648 213 1787 iumque.
227 1727 294 1765 curn
304 1709 665 1791 Romaniscommcrcium
687 1650 859 1775 habuerint,
878 1709 957 1791 quod
980 1710 1104 1768 sciamus
1114 1750 1126 1768 ,.
1149 1752 1153 1761 .

126 1788 187 1847 Nec
208 1787 470 1856 dissimulandum,
482 1788 592 1847 multos
613 1790 824 1849 desideraturos
844 1791 879 1849 in
899 1788 951 1867 hac
963 1784 1247 1863 Eruestinaeditio·

82 1888 123 1927 ne
143 1868 251 1924 Iudices
271 1866 473 1943 Alphaberieos
494 1870 695 1931 Romanorum
717 1873 945 1947 Littetatorum,
969 1890 1093 1950 quorum
1115 1866 1245 1925 mentio·

84 1968 153 2007 nem
183 1944 313 2007 fecerunt
331 1949 366 2007 in
387 1946 533 2028 Operibus
554 1951 612 2028 suis
636 1950 778 2020 Tullius,
795 1954 831 2011 T.
843 1953 968 2017 Livius,
991 1950 1167 2031 i’etronius,
1187 1946 1246 2007 Ta·

83 2032 171 2097 citus,
183 2030 353 2097 Suetonius,
367 2024 576 2098 'Martialis,et
596 2029 649 2089 aiii
669 2033 786 2111 antiqui
807 2034 907 2091 Latini
929 2030 1095 2112 Scriptores,
1107 2029 1160 2113 qui
1182 2045 1246 2086 eru·

83 2109 231 2168 dirorum.
246 2108 380 2168 manibus
400 2126 550 2170 teruntur.
573 2110 657 2189 Quos
678 2110 788 2189 Indices
813 2115 840 2172 si
857 2112 1019 2173 addidisset
1038 2112 1176 2171 Etnestus
1190 2122 1244 2177 ,et

82 2192 126 2251 eis
147 2188 274 2249 auxisset
295 2190 420 2249 Fabricii
441 2189 664 2261 statuariam,
685 2193 720 2251 in
740 2213 796 2274 qua
816 2193 890 2253 alios
911 2190 1019 2251 Indices
1033 2192 1247 2255 invenitsrem

83 2270 277 2353 praestitisset
296 2270 449 2330 lectoribus
464 2290 525 2330 non
538 2273 697 2355 ingratam:
713 2276 879 2352 pracsertim
901 2272 925 2333 si
940 2277 1081 2351 majorem
1094 2291 1192 2348 euram
1204 2270 1241 2329 in

83 2350 294 2418 citationibus,
307 2368 336 2409 et
356 2351 389 2409 in
410 2353 571 2433 Lipsiensis
592 2372 658 2412 suae
678 2354 822 2414 editionis
843 2355 1026 2414 correctione
1040 2350 1248 2419 adhibuisset,

84 2431 307 2511 antilogiasque,
320 2430 366 2488 vel
379 2452 457 2501 suas,
467 2431 512 2492 vel
524 2430 651 2504 Fabricii
664 2433 820 2491 devitasset
834 2454 841 2489 ι
864 2435 889 2491 si
909 2436 1027 2513 insuper
1041 2433 1077 2493 ad
1089 2433 1244 2512 copiosum

84 2512 246 2595 genetalem
264 2509 406 2580 Indicem,
419 2512 484 2593 sine
498 2514 660 2593 Auctorum
673 2511 916 2594 repetitionibuse
927 2514 1112 2594 particulares
1133 2513 1244 2590 {tudites

83 2590 250 2675 redegisset,
265 2608 327 2649 non
348 2590 544 2670 praetermissa
564 2609 673 2663 aetate,
686 2592 720 2651 in
740 2613 795 2673 qua
818 2595 964 2673 praecipui
986 2595 1087 2654 saltem
1101 2596 1246 2653 abactores

83 2673 197 2742 Latini,
204 2691 328 2755 quorum
337 2674 432 2754 Opera
444 2691 506 2731 non
519 2676 798 2743 exstant,traduntur
809 2675 947 2734 floruisse.
957 2677 1043 2735 Tunc
1051 2694 1119 2734 sane
1131 2688 1245 2753 poterat

83 2755 119 2813 in
140 2748 237 2812 fronte
259 2750 447 2813 Fabricianae
467 2752 662 2815 Bibliothecae
681 2756 777 2814 terius
797 2753 945 2813 inscribi:
964 2756 1068 2830 melius
1085 2755 1245 2813 delectam:

84 2834 186 2893 rectius
205 2834 359 2910 digestam,
371 2853 401 2895 et
421 2852 534 2896 auctam
546 2834 582 2894 ab
594 2836 716 2895 Ernesto
730 2854 793 2894 eant
807 2831 915 2894 fuisse.
936 2836 1015 2895 Haec
1035 2855 1106 2919 ego,
1128 2851 1161 2893 ut
1182 2855 1245 2894 mo·

82 2936 146 2975 rem
166 2934 291 2996 gererem
312 2916 360 2985 iis,
368 2917 421 2997 qui
431 2914 581 2977 Iudicium
602 2934 701 2979 meum
722 2914 759 2975 de
779 2913 930 2998 novabat
948 2915 1077 2977 Fabricii
1085 2914 1240 2977 Bibliothe-

85 3014 135 3054 cae
155 2996 298 3065 editione,
319 2995 354 3056 ab
375 2999 498 3069 Ernesto
518 3013 687 3077 procurata,
703 3016 819 3059 noscere
840 2997 1065 3078 discupiebant.
1087 2997 1190 3076 Quae,
1215 2996 1241 3056 si

83 3074 165 3145 tibi,
187 3076 233 3134 vir
254 3076 467 3152 doctissime,(
487 3079 535 3136 cui
556 3077 647 3137 etiam
669 3076 761 3139 multa
781 3076 858 3136 mibi
880 3078 1064 3141 commodata
1083 3098 1119 3136 ex
1139 3077 1243 3138 selecta

85 3160 136 3216 tua'
157 3153 336 3235 bibliotheca
348 3157 555 3225 volumina‚et
575 3158 613 3219 ad
633 3176 680 3232 me
699 3178 716 3217 a
736 3170 765 3219 te
786 3160 928 3241 singulari
947 3158 1129 3228 humanitate
1140 3158 1245 3229 delata,

86 3233 192 3297 adhoc
215 3237 299 3318 Opus
320 3236 529 3313 lucubrandum
551 3237 665 3315 debeo)
679 3239 713 3307 si,
734 3241 865 3319 inquam,
887 3241 1004 3322 probata
1024 3237 1150 3304 fustium
1171 3246 1244 3300 tun'c
1331 3305 1333 3308 ,

84 3315 185 3387 mihi,
206 3335 305 3383 ac.ut
326 3336 418 3399 puto,
440 3319 529 3386 aliis,
551 3336 580 3379 et
600 3320 731 3403 gratius,
753 3337 782 3378 et
809 3322 986 3402 probabilius
1011 3320 1066 3384 hoe
1093 3320 1244 3385 Judaium

12 3418 17 3427 ·
85 3416 186 3461 meum
213 3399 270 3461 etit
283 3417 363 3474 ,nou
382 3399 593 3489 quiamsuru,
616 3400 669 3463 sed
688 3402 757 3495 quia
776 3417 885 3463 taum..
909 3404 1000 3468 Vale.

352 3722 355 3728 *
441 3706 446 3711 ·
521 3698 813 3815 cascesa
