3317 4817
436 416 625 492 ,Regularum
646 414 919 492 itinerariorum
931 437 945 486 3
957 415 1251 491 :Epistularurr'atx
1272 410 1415 483 Plautios
1432 414 1598 499 aliosz‘quoss

425 514 513 557 *tum
534 499 663 577 Operum
683 496 846 580 fragmenta
865 515 934 559 sunt
954 498 1130 578 incorpore
1148 499 1228 557 iuris
1245 499 1376 558 Civilis.

488 578 613 653 Probo(
634 578 751 637 Valeria
775 580 911 639 faltonia
926 580 942 656 J
958 624 969 647 ‚
987 580 1106 639 Poterit
1122 580 1263 649 Graecis,
1281 597 1313 648 et
1330 582 1396 639 Lat.
1415 578 1526 637 litteris
1542 598 1600 637 cru·

446 658 533 726 diti,
550 678 590 717 ex
612 658 812 719 illustrissima
837 661 1014 721 Aniciorum
1041 658 1175 718 fartilia:
1196 660 1337 719 Consulis
1362 656 1442 723 filia,
1463 658 1596 717 Consulis

446 758 541 807 uxor,
558 754 590 796 et
608 739 773 799 Consulum
797 757 909 807 mator.
928 740 1050 821 Scripsit
1076 740 1214 798 Ceutrones
1239 760 1278 799 eu
1297 738 1430 798 versibus
1455 738 1596 821 Virgilii.

447 838 536 899 quem
555 835 653 879 totum
675 820 819 879 memoria
836 819 974 879 tenebar:
993 820 1030 879 ad
1051 817 1236 881 Christianae
1253 820 1409 903 religionis
1424 816 1595 899 obsequium
1648 825 1649 857 ³

445 916 566 959 uertens
581 900 711 962 earmina
729 897 938 961 Etbnicorum.
959 902 1081 981 Scripsit
1099 902 1190 961 etism
1209 900 1296 959 Bella
1318 900 1446 969 Civilia,
1464 916 1495 957 et
1521 899 1595 967 alia,

442 996 479 1039 ut
497 998 534 1037 ex
554 977 739 1042 Praefmone
757 980 795 1040 ad
821 980 924 1059 Wrgil..
933 981 1070 1041 Centoras
1086 999 1221 1050 constat,
1238 1001 1314 1062 quos
1331 980 1447 1055 dicarit
1464 979 1595 1038 Honorio

442 1064 504 1137 jam
523 1060 696 1139 Imperatori
712 1105 724 1119 .
740 1060 858 1121 Flotuit
875 1060 931 1121 sub
946 1059 1059 1123 Theod
1073 1064 1134 1135 M,
1146 1080 1178 1125 et
1194 1058 1281 1123 filiis.
1300 1062 1372 1121 Alia
1388 1065 1453 1140 ejus
1471 1061 1594 1139 Poetirs,

442 1156 556 1221 praeter
576 1140 839 1210 Centmresjlatent
852 1192 864 1211 ,
1040 1153 1063 1216 ᾗ
1105 1190 1111 1197 .

483 1218 597 1277 Probus
615 1220 674 1295 (T.
687 1223 722 1281 C
733 1223 761 1301 ),
776 1224 911 1283 Gramm..
922 1223 1000 1283 Vide
1011 1224 1164 1285 Maxirnrts
1181 1225 1216 1285 in
1230 1222 1276 1282 M.
1284 1269 1294 1293 ,
1308 1222 1359 1283 ubi
1373 1220 1410 1281 de
1428 1222 1494 1301 Vai.
1509 1218 1590 1277 Max.

482 1298 609 1369 Probus,
622 1321 743 1385 magnus
766 1305 894 1381 criticus
904 1344 912 1369 2
923 1306 1055 1365 Martiali
1066 1326 1206 1375 coaevus,
1216 1310 1299 1383 cuius
1315 1322 1466 1363 censuram
1479 1302 1589 1359 timuis·

439 1398 472 1439 te
489 1381 658 1440 Martialem
676 1383 827 1444 indicatur
852 1385 953 1462 Epigr.
970 1388 1011 1445 ati
1027 1386 1263 1451 fairrinnand
1303 1405 1369 1445 uem
1390 1383 1491 1441 mitris
1511 1381 1557 1437 lib.
1567 1402 1590 1447 3·
1648 1388 1649 1409 ³

439 1460 588 1539 Epigram.
606 1462 661 1521 Ait
679 1464 763 1523 enim
783 1463 860 1525 libro
876 1486 949 1539 suo,
969 1468 1079 1548 (quem
1100 1486 1256 1548 papyraceo
1271 1406 1370 1525 citasse
1388 1463 1535 1544 scriptum
1550 1456 1589 1521 di·

441 1542 522 1620 cit),
533 1559 596 1600 noo
615 1562 678 1601 esse
695 1564 745 1603 sur
763 1542 1022 1617 Rrobamrtimett,
1036 1550 1181 1621 faustino
1199 1548 1335 1608 vindice:

503 1681 508 1689 ,
692 1625 751 1682 Illo
770 1627 892 1691 uindice,
908 1648 955 1686 tter
968 1628 1091 1687 Probum
1111 1631 1227 1689 timeto.

484 1703 594 1761 Probus
614 1701 631 1777 (
651 1706 698 1763 M.
715 1704 779 1763 val.
800 1706 838 1782 l,
854 1708 986 1793 insignis
1003 1712 1152 1782 Granum,
1173 1729 1261 1789 quem
1281 1701 1399 1786 Berytlsi
1419 1720 1543 1771 natum,
1565 1716 1592 1761 tt

444 1784 584 1843 omnium
603 1784 890 1857 Grammsricotum,
909 1790 963 1871 qui
978 1792 1089 1849 Romae
1107 1808 1200 1859 erant,
1210 1788 1354 1849 eruditiss
1375 1783 1463 1845 fuisse
1485 1782 1592 1840 indicat
1648 1838 1649 1853 .

438 1863 475 1923 in
496 1861 599 1933 Cliton.
616 1864 770 1930 Eusebius.
791 1870 837 1925 De
858 1870 962 1931 eodem
981 1891 1051 1929 cum
1063 1870 1148 1929 laude
1166 1890 1248 1948 saepe
1260 1870 1410 1941 Gel.,ejus
1421 1867 1519 1943 Opera
1532 1880 1587 1919 non

441 1962 531 2025 pauca
548 1944 663 2008 citans,
681 1944 751 2005 licet
770 1949 849 2007 Soet.
867 1947 907 2021 de
926 1951 978 2007 111.
993 1951 1134 2019 Granum,
1154 1950 1193 2009 de
1211 1969 1247 2008 eo
1266 1950 1362 2011 dicar,
1374 1966 1481 2027 pausa,
1494 1962 1524 2003 et
1535 1942 1589 2001 eri·

438 2044 495 2106 gua
514 2025 552 2086 <le
565 2025 700 2105 ,minutis
717 2028 940 2106 quaestionibus
957 2030 1106 2091 edidisse:
1128 2050 1165 2089 ex
1183 2050 1244 2111 quo
1260 2028 1449 2109 intelligitur,
1470 2022 1589 2081 forsitan

437 2106 477 2163 de
494 2104 556 2163 alio
573 2104 667 2161 Probo
686 2105 790 2187 loqui.
807 2109 890 2170 Cisst
910 2111 993 2169 enim
1013 2111 1076 2169 Gel.
1093 2109 1213 2186 Sylram
1236 2108 1472 2167 Observationum
1494 2122 1590 2162 sermo·

436 2187 482 2243 nit
501 2183 613 2259 antiqui
622 2204 635 2243 .·
654 2185 803 2247 Commeat.
825 2193 897 2249 satis
916 2193 1055 2250 curiosam
1073 2193 1110 2250 de
1126 2191 1238 2249 occulta
1269 2192 1425 2249 litterarum
1458 2184 1588 2261 significa·

415 2267 512 2324 tione
527 2265 721 2337 Epistularum
742 2266 773 2326 C.
799 2269 954 2337 Caesaris,
975 2292 1009 2331 ac
1026 2288 1149 2338 testatur
1166 2273 1308 2352 insuper,
1328 2290 1360 2329 se
1378 2266 1490 2327 multos
1512 2266 1586 2323 Carn-

433 2363 516 2405 ment.
536 2344 624 2403 Probi
642 2346 770 2417 vidisse,
790 2353 830 2408 ac'
844 2354 904 2425 eius
924 2351 1004 2413 dicta
1030 2373 1112 2432 super
1133 2351 1223 2414 variis
1241 2352 1313 2411 locis
1333 2348 1481 2413 Sallustii,
1496 2344 1586 2427 Virgi-

435 2426 489 2494 lii,
509 2441 540 2483 et
560 2425 625 2484 var.
636 2428 779 2503 Antiatis,
800 2451 869 2489 sum
889 2433 1116 2513 adprobatione,
1128 2450 1157 2509 et
1179 2432 1260 2491 laude
1281 2426 1384 2506 affert.
1404 2430 1444 2486 V.
1452 2426 1521 2487 Gel.
1535 2428 1553 2485 l.
1563 2448 1585 2482 r.
1647 2442 1648 2451 ι

351 2585 355 2587 Ἴ
436 2505 818 2578 r-15·»lib·4.c.r.,lib.
843 2531 868 2573 r.
891 2534 914 2571 c.
931 2535 956 2575 r.
978 2532 1004 2571 et
1027 2534 1076 2583 sn,
1098 2514 1146 2571 lib.
1161 2534 1207 2575 rs.
1230 2532 1254 2570 c.
1279 2534 1347 2581 30..
1373 2508 1422 2567 lib.
1451 2529 1501 2569 17.
1524 2528 1546 2565 c.
1559 2528 1584 2577 9.

432 2588 525 2647 Matr.
542 2588 633 2645 etiam
653 2587 691 2647 de
708 2608 747 2648 eo
764 2590 893 2671 loquitur
912 2592 1025 2651 Satura.
1048 2614 1070 2651 c.
1081 2613 1127 2650 22.
1139 2594 1187 2651 lib.
1202 2612 1286 2661 5.‚et
1306 2592 1438 2649 indicare
1458 2590 1586 2651 videtur.

433 2684 467 2730 ut
486 2668 577 2726 etiam
596 2669 724 2732 Servius.
744 2672 844 2751 aliqua
862 2676 895 2731 in
917 2676 997 2755 Virg.
1019 2674 1164 2753 scripsisse
1176 2720 1184 2733 .,
1205 2676 1253 2732 De
1271 2672 1363 2729 Probo
1383 2670 1441 2728 hoe
1461 2670 1586 2749 loquun-

432 2766 481 2812 tur
500 2748 554 2807 alii
573 2750 724 2821 Gramm„
742 2770 777 2811 ut
796 2752 961 2821 Charisius,
985 2756 1165 2817 Priscianus,
1185 2773 1216 2813 et
1237 2772 1322 2813 retus
1338 2750 1586 2831 Terentiilnter-

428 2849 511 2911 pres.
534 2831 627 2889 Pauca
646 2831 806 2892 admodum
826 2855 861 2895 ex
883 2823 1063 2914 torScripris
1080 2835 1142 2911 Vol.
1155 2833 1243 2892 P'robi
1259 2832 1297 2892 ad
1311 2852 1365 2891 nos
1384 2846 1585 2910 pervenerunt,

378 2932 381 2940 ·
432 2912 469 2972 ad
490 2909 737 2992 significationem
758 2914 911 2975 verborum
932 2918 1122 2996 antiquorum
1141 2915 1323 2995 spectantia.
1344 2913 1416 2970 Alia
1433 2908 1589 2974 enim,sub

430 2991 521 3073 Probi
540 2992 662 3050 nomine
681 2995 770 3064 edito,
793 2997 876 3055 valde
896 2995 1016 3057 dubita
1035 2998 1157 3057 Criticis
1175 3011 1348 3055 censentur.
1645 3044 1646 3069 ,

447 3113 451 3122 -
474 3072 603 3136 Probus.
624 3071 836 3155 Pracipites,
855 3094 884 3135 et
905 3078 991 3144 Cos,
1013 3078 1050 3137 ad
1070 3097 1157 3157 quem
1178 3077 1331 3149 Ausonius
1342 3073 1437 3147 Epist.
1456 3068 1587 3131 versibus

430 3152 555 3231 scripsit,
568 3153 690 3211 mittens
700 3155 729 3213 ei
748 3156 857 3217 librum
878 3176 940 3217 non
953 3158 1016 3217 sine
1037 3157 1172 3216 laudibus
1191 3162 1253 3229 ejus
1265 3154 1449 3235 eloquentiae
1462 3193 1472 3215 ‚
1484 3170 1517 3212 ct
1527 3172 1589 3232 pro-

427 3232 550 3295 bitatis.
571 3235 642 3291 Non
661 3234 773 3315 liquet,
790 3257 828 3298 an
848 3241 876 3298 is
894 3235 983 3297 fuerit
1001 3238 1142 3295 Aemilius
1154 3236 1284 3305 Probus,
1301 3238 1349 3295 cui
1370 3230 1548 3295 adscribitur
1568 3252 1583 3289 a

426 3313 581 3373 nonnullis
600 3316 670 3373 liber
687 3318 814 3398 Nepotis
833 3320 1040 3377 Excellentiiart
1061 3320 1210 3394 Imperat,
1229 3317 1337 3397 quique
1357 3314 1460 3373 librum
1481 3314 1587 3380 illum.

427 3415 444 3455 a
464 3415 495 3454 se
514 3394 716 3475 descriptum,
736 3400 851 3461 dicavit
867 3398 981 3461 T‘neod.
1003 3400 1175 3479 imperatori
1202 3418 1270 3457 cum
1289 3396 1406 3477 prolixo
1422 3396 1583 3533 ‚Epipram

428 3475 479 3535 Ad
498 3472 595 3544 hunc,
619 3497 654 3537 ut
671 3481 814 3549 arbitror,
835 3482 920 3541 misit
938 3476 1034 3539 Rulirs
1052 3482 1156 3540 Festus
1167 3478 1311 3547 Avienus,
1330 3496 1393 3537 non
1413 3479 1481 3535 sine
1511 3474 1589 3533 audi·

427 3557 484 3617 bus
500 3560 561 3633 ejas
582 3557 740 3630 doctrinae,
753 3562 828 3629 Orat
841 3562 1004 3621 maritimae
1016 3561 1242 3637 Descriptionem·
1251 3560 1379 3619 carmine
1392 3556 1586 3617 lmubratam.

426 3637 521 3697 Initio
531 3639 911 3722 OperisindicatAvienus,
922 3662 950 3702 se
960 3644 1110 3724 sanguinis
1120 3634 1586 3716 vinculoeicoujunctumfuisse.
1643 3686 1644 3711 ,

463 3716 589 3785 Probus,
610 3716 691 3782 fama
707 3722 862 3783 doetrinae
877 3722 999 3783 Lilibaei
1019 3724 1130 3790 clarus,
1153 3742 1241 3803 quem
1261 3720 1362 3779 videre
1378 3720 1497 3799 optavit
1518 3719 1585 3775 Por·

424 3792 548 3940 pityrius
565 3796 641 3860 Phil.
652 3848 662 3870 ,
673 3824 758 3867 cunr,
769 3807 865 3863 Roma·
885 3804 999 3873 relicta,
1012 3803 1050 3863 ad
1060 3803 1191 3865 Siciliam
1211 3822 1242 3863 se
1260 3801 1403 3868 contulit,
1422 3796 1584 3857 melantho

436 3878 483 3936 ico
502 3877 628 3942 humore·
643 3885 715 3944 adeo
737 3886 812 3945 male
829 3880 947 3945 affectus
969 3929 979 3953 ,
998 3902 1031 3945 nt
1052 3905 1083 3945 se
1101 3884 1271 3947 interimere
1290 3882 1449 3943 decreverit
1468 3924 1478 3951 ,
1498 3882 1581 3957 cujus

426 3958 530 4021 insani
548 3965 671 4026 romilii
689 3966 869 4033 &tantem
887 3963 992 4033 habuit
1009 3964 1188 4029 Plotinum.
1538 3972 1541 3981 '

594 4081 602 4106 l
