3317 4817
435 394 442 405 .
698 396 701 404 .
1080 369 1084 375 ·
1169 344 1238 403 1111

120 420 236 495 dubia,
257 436 291 486 et
312 435 389 486 certa
409 420 482 493 dart,
506 436 719 504 nonnunquam
739 418 828 483 etiam
850 418 1024 482 verisimilia
1036 464 1044 492 ,
1056 434 1086 480 et
1098 424 1281 497 conjecturas

111 517 224 589 bequr.
247 506 308 581 Hae
329 524 455 583 namque
474 504 508 562 in
529 506 678 583 antiquis,
699 521 729 561 et
748 502 911 583 dequibus
932 504 1009 561 nibil
1030 502 1169 563 traditum
1197 504 1283 559 inre.

117 590 222 655 nitur,
245 587 338 646 locum
361 584 464 643 habere
489 582 618 652 debent,
642 584 687 641 vel
712 584 838 642 omnino
866 586 898 641 in
928 602 1019 640 rerum
1050 583 1280 663 investigatione

116 668 310 741 rejiciendae,
331 685 362 724 ac
384 662 631 724 contemnendae:
653 663 731 744 quod
755 684 840 722 nemo
869 663 994 743 prudens
1024 661 1196 721 arbitratur.
1218 661 1283 721 Illis

118 747 228 807 ductus
242 752 352 806 Auctor
373 763 497 804 statuere
520 762 579 803 non
602 764 713 820 veretur
726 746 837 823 ,Opera
860 746 1008 823 praecipua
1029 743 1227 810 Graecorum,
1248 761 1281 799 ee

121 832 274 895 maxime,
294 844 366 907 quae
388 825 423 883 de
450 824 534 883 rebus
562 825 762 883 Romanorum
792 826 902 882 Romae
931 821 1145 890 sorbebantur,
1173 822 1219 879 vei
1247 821 1283 879 in

119 910 285 989 provinciis
307 908 417 965 Romae
438 906 594 983 subjectis,
616 925 750 986 protinus
771 906 803 962 in
825 906 983 971 Latinum,
1005 901 1052 959 vel
1072 901 1108 959 ab
1127 902 1199 981 ipsis
1215 903 1282 957 nu-

118 988 269 1055 ctoribus,
293 986 338 1044 vel
359 986 394 1043 ab
415 986 491 1052 aliis,
514 1005 612 1044 eorum
633 1000 776 1049 suasu,et
797 985 897 1049 ductu,
929 999 1121 1050 conversa,ut
1140 1002 1155 1040 a
1177 983 1287 1039 Romo·

118 1068 181 1136 nis,
195 1069 298 1127 Graeci
320 1068 461 1125 sermonis
481 1069 607 1146 ignaris,
622 1066 667 1124 vel
688 1084 787 1147 parum
809 1068 842 1123 in
864 1083 898 1124 eo
920 1062 1120 1144 versatis,lrgi
1143 1076 1282 1143 possent.

117 1149 164 1207 Ex
185 1148 228 1224 (a)
239 1150 381 1207 Cicerone
403 1164 524 1224 namque
547 1146 811 1225 norimus,plures
832 1164 867 1204 ex
878 1145 1136 1209 Romanis,etiam
1157 1162 1192 1199 ex
1214 1136 1282 1199 Phi·

116 1226 250 1307 losophis
272 1230 438 1307 praesertim
461 1226 629 1305 Epicureis,
651 1245 772 1306 quorum
795 1227 907 1293 Roma,
928 1242 958 1284 et
979 1225 1129 1283 Romanae
1138 1222 1284 1281 Occiden-

114 1308 159 1366 tis
179 1310 345 1387 provinciae
365 1306 586 1377 redundabant,
611 1324 670 1363 non
693 1307 781 1365 modo
801 1308 941 1365 Graecam
962 1304 1092 1386 linguam
1124 1320 1185 1361 non
1206 1300 1282 1359 didi·

29 1399 32 1403 ’
117 1388 214 1457 cisse,
235 1386 366 1446 sedeam
387 1388 514 1444 omnino
537 1404 597 1444 non
616 1384 742 1451 amasse,
762 1406 794 1446 ac
815 1388 932 1467 penitus
954 1384 1187 1467 neglexisse.De
1208 1380 1282 1441 mul·

114 1467 159 1527 tis
178 1485 275 1527 autern
293 1468 472 1525 Graecorum
493 1466 638 1546 Operibus
660 1472 784 1535 scimus,
806 1486 840 1526 ea
860 1467 893 1523 in
914 1467 1054 1525 Latinum
1087 1468 1170 1523 versa
1184 1463 1283 1543 apri·

85 1542 91 1551 ’
117 1548 178 1608 scis
198 1544 303 1606 fuisse:
325 1548 358 1607 io
380 1546 526 1605 vertendis
547 1548 628 1605 eninr
650 1566 684 1606 ex
706 1545 771 1606 aliis
792 1548 826 1605 in
840 1566 918 1606 suam
934 1547 1063 1627 linguam
1077 1542 1282 1624 optimisScri·

121 1628 185 1707 ptis
206 1625 277 1685 adeo
298 1625 455 1708 diligentes
483 1626 612 1685 Romans
640 1645 742 1695 erant,
763 1644 796 1687 ut
815 1625 1071 1700 senatusconsulto
1098 1622 1208 1683 fuerint
1238 1621 1283 1701 (b)

118 1708 261 1785 Magonis
281 1726 385 1785 opera,
401 1723 433 1764 et
451 1704 573 1765 aliorum
596 1708 759 1767 Poenorum
781 1728 816 1766 ex
838 1709 949 1766 Punica
969 1706 1072 1785 lingna*
1088 1722 1224 1763 conversa
1246 1705 1282 1761 in

117 1788 281 1847 Latinam.
303 1787 387 1865 Quin
409 1786 498 1844 etiam
520 1786 596 1846 illud
616 1786 738 1846 arbitror
751 1830 759 1856 ,
771 1786 864 1847 multa
884 1787 979 1866 Opera
994 1829 1002 1854 ,
1015 1804 1086 1865 quae
1106 1784 1222 1865 origine
1234 1797 1285 1841 no·

116 1865 167 1924 bis
186 1866 313 1934 Graeca,
335 1886 383 1925 seu
403 1866 514 1925 Graeco
534 1885 666 1925 sermone
687 1866 792 1947 scripta
814 1867 1127 1933 videntur,versiones
1146 1865 1281 1941 antiquas

119 1965 161 2005 ex
182 1946 288 2005 Latino
308 1942 418 2013 fuisse,
438 1964 561 2026 quorum
583 1948 688 2006 Latina
707 1944 898 2029 autographa,
914 1944 960 2002 rei
979 1960 1163 2022 temporum,
1177 1942 1224 2001 vei
1235 1939 1286 1998 bo·

118 2027 237 2085 minum
259 2025 367 2103 injuria
388 2027 596 2105 perierunttut
616 2029 697 2085 enim
719 2028 827 2085 Graeca
849 2026 882 2083 in
902 2026 1106 2092 Latinum,ita
1127 2021 1284 2083 nuncin

13 2150 50 2185 .‚
117 2107 265 2165 Graecum
287 2124 366 2163 versa
388 2105 479 2165 multa
500 2102 587 2166 fuisse
607 2107 642 2165 in
662 2106 786 2167 dubium
809 2106 884 2165 verti
906 2104 989 2164 neuti
1009 2122 1075 2162 uam
1096 2118 1218 2183 potest·
1269 2177 1271 2182 Ι

164 2187 250 2245 XIII.
272 2185 363 2263 Quod
383 2185 408 2243 si
429 2203 464 2243 ex
485 2198 532 2245 rne
552 2187 707 2266 quaesieris
723 2231 730 2255 ,
749 2187 821 2267 qui,
843 2200 892 2245 aut
912 2204 961 2245 cur
988 2122 1096 2243 Eretum
1118 2180 1228 2247 fuerit,
1247 2195 1281 2244 ot

120 2280 170 2325 tot
190 2267 294 2347 Latina
316 2266 430 2344 Opera,
453 2266 498 2326 uel
519 2266 627 2327 Latino
646 2283 779 2326 sermone
800 2267 929 2347 primurn
950 2264 1052 2332 edita,
1070 2263 1118 2322 vel
1138 2276 1174 2324 tx
1194 2263 1287 2323 Grae·

117 2364 157 2405 co
177 2345 210 2403 in
231 2348 371 2406 Larinum
392 2344 528 2407 conseris
550 2348 705 2427 perierint,
720 2343 787 2407 cum
799 2362 845 2405 rot
865 2347 974 2406 Graeca
994 2344 1168 2424 exemplaria
1189 2345 1279 2405 eciam

119 2425 395 2505 antiquissimorum
417 2426 579 2485 ductorum
597 2438 719 2495 aetatem
740 2426 881 2495 tulerint,
894 2422 1036 2485 et'adbuc
1049 2420 1282 2505 permanserint?

120 2506 161 2564 In
181 2522 329 2597 promptu·
341 2522 387 2563 est
403 2525 515 2566 caussa.
536 2506 671 2567 Barbaros
692 2526 797 2589 nempe
817 2508 852 2566 in
860 2503 1201 2588 Occidente,ubi·copia
1220 2520 1283 2565 crat

123 2584 335 2665 exemplarium
357 2586 547 2658 Latinorum,
569 2604 631 2646 non
652 2588 685 2645 in
707 2585 843 2647 homines
862 2586 1015 2654 selamin
1036 2583 1282 2651 moenianrbium

126 2682 158 2724 et
178 2664 356 2746 oppidorum
377 2665 534 2736 saeviisse,
553 2667 662 2735 sed,et
680 2668 715 2725 in
734 2665 869 2736 archiva,
894 2668 928 2725 in
951 2664 1283 2747 bibliothecascnm'pri·

120 2762 204 2805 satas
223 2761 288 2805 tum
310 2742 436 2826 publicas
451 2785 459 2811 a
474 2747 508 2805 in
528 2746 634 2827 quibus
654 2749 807 2807 innumera
827 2748 933 2807 Latina
953 2748 1104 2806 solumina
1124 2747 1281 2807 recondita

46 2849 50 2856 ·
116 2842 223 2894 erant,
244 2828 346 2885 omnia
365 2822 452 2891 ferro,
471 2826 653 2909 flammisque
673 2842 829 2894 vastantes,
849 2844 935 2907 atque
954 2819 1188 2907 corrumpentes.
1202 2827 1285 2885 Con·

117 2910 163 2965 ‘tra
185 2925 252 2966 sero
273 2906 308 2965 in
327 2906 446 2965 Graecia
457 2907 579 2976 ,'unde,
600 2907 647 2968 vel
665 2926 700 2967 ex
721 2908 842 2967 Graeco
853 2906 977 2986 imperio
996 2923 1014 2965 a
1032 2908 1137 2966 Turcis
1156 2925 1276 2985 occupa·

118 3002 154 3044 to
175 2985 279 3045 Graeci
300 2984 415 3045 codices
434 2985 471 3045 ad
492 3006 545 3062 nos
566 3005 775 3069 pervenerunt,
787 2988 935 3069 contigit.
957 2986 999 3045 Ue
1019 2987 1100 3045 enim
1119 3008 1156 3047 ex
1177 2988 1284 3047 Histo-

61 3092 66 3099 ·
119 3064 191 3125 sicis
211 3067 383 3146 accepimus,
407 3084 544 3146 tanquam
560 3088 620 3127 rem
642 3086 804 3129 memoratu
824 3066 1284 3151 dignammutn‘GottbiJAthe.

118 3145 171 3203 nis
190 3146 305 3225 captis,
326 3162 355 3203 et
375 3146 539 3227 praedaris,
561 3147 713 3231 ingentem
735 3151 797 3209 sim
826 3148 965 3207 librorum
992 3166 1205 3208 coacervassent
1212 3188 1227 3225 p
1247 3163 1277 3209 et

118 3242 172 3284 eos
192 3225 319 3285 flammis
332 3226 450 3286 tradere
470 3229 717 3294 constituissent,
737 3245 808 3289 tunc
828 3248 864 3287 ex
885 3225 932 3286 bis
952 3246 1028 3287 onus
1045 3231 1278 3301 t‘absrin'eamus,
1366 3228 1374 3239 '

117 3304 242 3386 inquit,
261 3324 360 3370 man-rar
381 3307 417 3365 ab
436 3305 490 3367 hac
509 3328 605 3377 noxa,
627 3326 653 3368 et
670 3310 783 3387 'integra
803 3306 873 3367 baec
901 3310 1045 3367 volumina
1073 3311 1278 3387 relinquamus,

117 3384 150 3443 t'ra
171 3403 245 3465 quae
275 3384 355 3467 Graji
380 3384 505 3451 domines
531 3390 682 3452 studiosius
703 3390 909 3457 incumbentes,
926 3389 1016 3449 minus
1036 3389 1125 3452 idonci
1147 3396 1183 3454 ad
1203 3391 1278 3452 bella

920 3574 923 3582 ,
1129 3571 1137 3578 .

86 3722 93 3739 ,
158 3691 209 3788 (a)
235 3692 306 3757 rrae
328 3696 384 3758 tac.
405 3697 426 3757 ι
451 3719 476 3773 5.
495 3699 583 3763 ruse.
607 3698 695 3781 QQ..
717 3702 763 3762 ass
782 3700 817 3763 ae
835 3700 1048 3783 amarantus
1065 3658 1277 3781 epicureis&-

111 3778 373 3853 maaasloquirur.
463 3830 464 3833 ,
1124 3792 1127 3796 ·

164 3854 214 3934 (b)
232 3856 315 3919 Haec
335 3860 428 3936 Opere
449 3868 496 3923 ιε.
519 3859 608 3923 libros
627 3862 664 3926 de
683 3882 714 3923 re
731 3866 840 3928 rustica
859 3863 1056 3943 maissiam,
1074 3867 1176 3929 matos
1195 3868 1217 3926 α’
1228 3855 1283 3927 cb

109 3937 251 4005 camena
270 3941 305 4003 de
323 3943 416 4005 todem
435 3960 599 4023 argumento
618 3947 772 4009 scribente.
820 3974 826 3991 ·
895 3958 903 3991 τ
981 3959 1003 3985 ··
1088 3976 1092 3983 «
