3317 4817
64 499 98 561 ad
114 495 167 560 hoc
177 493 377 561 Sacerdotium
399 493 438 557 eli
458 494 595 557 ebantur.
617 498 721 557 Cicero
733 490 883 573 Augurusn
902 491 974 575 juris
988 492 1141 556 scientiam
1164 492 1222 555 val-

64 583 98 642 de
117 581 236 644 excollit
258 578 358 639 dicens
377 603 407 643 ε
426 514 489 657 (iui
507 596 609 648 sermo,
630 596 702 656 quae
723 593 893 657 praecepta,
913 595 1022 657 quanta
1043 577 1154 636 notitia
1172 596 1222 637 an.

66 664 212 743 tiquicatis
232 660 357 721 scientia
377 661 453 719 Juris
474 661 623 743 Augurum
636 658 648 720 l
661 659 775 719 Multae
792 658 883 717 etiam
896 676 945 721 ,ut
965 658 998 715 in
1019 655 1142 717 homine
1163 661 1222 718 Ro.

67 763 171 813 mano,
194 743 349 801 litterae·-·-⁴
372 764 398 800 e.
412 740 481 821 quia
502 740 574 799 dum
595 741 731 799 viserent
750 739 859 821 privari
872 737 1037 799 Sacerdotis
1059 758 1121 797 non
1143 756 1221 820 pote·

65 842 149 893 rant,
172 844 212 883 ne
232 843 309 883 sacra
328 822 551 907 evulgarentur,
564 840 637 903 quae
656 840 752 881 revers
773 818 966 902 prudentibus
986 818 1113 879 ludibrio
1122 836 1219 881 etanta

70 928 92 983 ς.
111 907 181 987 quia
209 904 340 964 Romani
361 903 434 963 adeo
454 901 649 983 superstitiosi
668 920 811 966 erant.ut
833 896 912 960 nihil
930 898 1052 979 alicujus
1072 900 1223 963 momenti

66 990 181 1071 aggredi
202 986 356 1050 auderent.
379 984 441 1044 siue
463 983 697 1065 publicum.sire
715 983 862 1065 priuatum
885 982 1037 1063 negotium
1058 1000 1153 1053 esset,
1174 986 1235 1042 in..

65 1067 207 1127 consultis
227 1067 412 1143 Auguribus.
435 1064 484 1123 Ad
502 1084 559 1125 eos·
573 1064 716 1147 spectabat
736 1063 913 1145 templorum
934 1064 1129 1131 consecratio,
1152 1080 1218 1147 post

65 1148 281 1207 dedicationem
302 1148 338 1207 ab
358 1166 403 1214 eo,
424 1146 477 1227 qui
496 1145 573 1205 illud
593 1163 719 1212 voveat,
730 1144 867 1213 Consule,
890 1143 935 1203 vel
956 1146 1132 1225 Imperatore
1151 1164 1219 1207 cum

66 1236 210 1288 consensu
229 1230 352 1288 Senatus
370 1224 646 1295 factam,Ponriliee
659 1226 752 1288 verbis
764 1242 918 1307 praeeunte
938 1225 1132 1294 solemnibus,
1145 1226 1218 1287 dum

65 1310 204 1370 dedicans
225 1327 339 1391 postem
360 1326 420 1367 tem
443 1307 466 1366 li
486 1326 576 1367 manu
596 1307 734 1369 tenebat.
764 1307 806 1367 Hi
827 1301 966 1381 Auspices
986 1307 1076 1366 etiam
1098 1308 1220 1387 appella·

66 1391 186 1455 bantur,
205 1410 235 1450 et
257 1391 387 1473 Auguria
400 1328 553 1466 Juspicirn¹
574 1389 643 1447 licet
663 1406 762 1470 postea
781 1384 835 1447 hae
855 1390 1030 1447 Lat.‚Voces
1050 1387 1087 1446 ad
1108 1390 1163 1448 alia
1183 1391 1221 1448 si·

68 1469 233 1553 gnificanda
253 1468 364 1531 fuerint
390 1469 565 1551 ampliatae.
586 1470 732 1529 Romulus
751 1470 879 1551 primum
906 1488 929 1543 3.
953 1472 1069 1529 taciturn
1091 1471 1221 1551 Augures

67 1554 219 1612 instituit.
233 1554 369 1612 Processu
380 1552 521 1631 temporis
531 1568 607 1611 unus
620 1551 782 1616 additus,et
802 1568 850 1611 su.
862 1551 940 1609 V.C.
961 1570 1030 1623 454.
1039 1570 1073 1613 ex
1097 1551 1178 1631 plebe
1196 1572 1219 1623 5.

67 1634 171 1710 adjecti
192 1650 263 1693 sunt
285 1654 312 1705 4.
334 1634 490 1693 Parriciis.
511 1631 645 1692 Tandem
666 1632 740 1712 Sylla
762 1635 809 1691 Au
863 1652 913 1691 um
936 1648 1089 1691 numerum
1111 1632 1147 1691 ad
1172 1652 1217 1705 15.

67 1716 145 1789 auxit
161 1734 308 1795 ‚quorum
330 1715 441 1795 primus
462 1714 614 1781 Patricius,
627 1713 784 1794 Auguralis
848 1711 1090 1795 llegii·Msgister
1109 1712 1221 1773 diceba·

66 1809 124 1854 tur.
145 1796 228 1854 Vide
249 1796 422 1869 Aruspices.
443 1795 489 1853 De
511 1789 677 1871 Auguribus
689 1840 697 1863 ,
710 1812 740 1854 et
760 1792 951 1875 Asuspiribus
971 1789 1039 1853 haec
1052 1792 1201 1871 Naeuius:

226 1877 304 1935 Nam
325 1876 403 1939 istis,
421 1875 472 1950 qui
490 1874 617 1951 linguam
637 1875 731 1935 auium
752 1876 936 1953 iruelligum,

230 1955 359 2032 Plusque
379 1976 415 2014 ex
434 1957 527 2014 alieno
542 1956 650 2036 jecore,
671 1956 802 2031 sapiunt,
823 1974 907 2033 quam
927 1954 966 2013 ἐκ
984 1972 1053 2021 suo,

225 2037 329 2114 Magis
349 2038 536 2102 audiendum,
556 2056 639 2112 qurum
659 2039 878 2097 auscultandum
899 2056 1017 2097 censeo.

67 2112 141 2176 Vide
162 2118 228 2178 Cic.
250 2120 283 2179 iu
305 2116 363 2177 fine
382 2119 403 2175 l.
431 2138 458 2176 1.
487 2118 523 2176 sle
542 2118 645 2177 Diuiu.
668 2117 799 2179 Celebres
817 2121 952 2205 Augures
972 2117 1083 2178 Romae
1105 2113 1224 2179 ffiesuns

69 2200 172 2257 Accius
194 2200 331 2266 Navius,
353 2200 496 2268 Marcius,
511 2218 540 2258 et
561 2200 703 2268 Vettius,
716 2200 753 2257 de
772 2200 881 2281 quibus
898 2203 932 2261 in
954 2200 1012 2259 suis
1035 2200 1160 2260 litteris.

35 2269 41 2324 ἶ
104 2280 274 2356 Augurinus
295 2279 311 2354 (
319 2280 435 2339 Sentius
447 2277 532 2339 Falco
545 2280 565 2355 l,
580 2280 668 2342 Poeta
690 2280 773 2339 valde
794 2280 925 2343 laudatus
945 2300 961 2340 a
983 2281 1060 2341 Plin.
1076 2282 1156 2339 Care.
1173 2278 1221 2337 lib.

66 2382 91 2426 4.
106 2361 159 2436 Ep,
172 2380 223 2423 27.
244 2362 314 2438 Ejus
335 2363 472 2419 Poemata
493 2360 585 2419 desid.
608 2361 746 2421 imitatus
766 2381 809 2421 est
829 2364 864 2422 in
884 2363 982 2447 Epigr.
1004 2359 1153 2421 Catullum
1171 2404 1178 2428 ,
1194 2378 1225 2419 et

66 2439 184 2500 Calvum
206 2440 380 2500 Licinium.
402 2442 470 2499 Erat
492 2443 583 2522 patria
604 2442 776 2512 Romanus,
802 2463 919 2503 morum
948 2444 1092 2524 probitate
1113 2458 1224 2501 notus.

68 2520 191 2581 Celebris
214 2520 348 2581 Marchio
368 2517 504 2581 Maffeius
525 2543 593 2583 eum
615 2524 813 2583 veronensem
841 2524 1016 2592 arbitratur,

103 2602 128 2659 S.
142 2602 328 2679 Augustinus
350 2602 714 2678 (Aurel.),Eeel.Doctor
734 2605 881 2688 insignis,
896 2606 1019 2689 ingenio
1039 2620 1069 2663 et
1090 2602 1223 2665 doctrina

67 2680 137 2740 nulli
157 2702 195 2740 ex
218 2684 338 2743 Graecis
351 2727 358 2749 ,
373 2701 403 2740 et
422 2684 540 2744 Latinis
560 2685 703 2744 secundus
719 2688 869 2767 ‚⁴Tagasre
889 2686 923 2746 in
944 2684 1043 2745 Africa
1065 2702 1169 2748 natus,
1190 2700 1221 2743 et

68 2761 222 2822 educatus.
245 2760 445 2841 Rhetoricam,
457 2766 585 2845 primum
606 2762 784 2849 Carthagine
812 2767 936 2825 docuit:
956 2765 1065 2826 deinde
1093 2767 1220 2824 Romam

70 2839 210 2919 profectus
233 2862 292 2901 este
305 2861 334 2902 er
355 2842 473 2901 tandem
489 2846 525 2903 ad
533 2844 620 2905 Rhet.
629 2846 790 2907 docendam
802 2847 1006 2907 Mediolanum
1027 2844 1134 2905 accitus
1146 2840 1222 2914 fuit,

66 2941 125 2980 cum
137 2922 235 2983 adhue
246 2922 436 2983 Manicbaeus
446 2944 520 2983 esser
531 2926 624 2985 ‚Vide
632 2927 711 2985 dieta
719 2926 816 2985 Verbo
823 2927 999 2997 Ambrosius,
1007 2945 1038 2984 ac
1050 2930 1110 3005 ejus
1118 2925 1221 2994 risam,

68 3021 82 3059 a
100 3005 239 3075 Possidio
262 3006 399 3085 scriptam
416 3022 462 3068 ,et
483 3005 518 3064 ab
529 3008 608 3066 Hist.
620 3006 695 3064 Ecel.
717 3009 874 3067 Innumera
884 3009 980 3089 Opera
1001 3006 1222 3085 doctisr.‚quae

65 3101 183 3156 exstant,
206 3085 305 3145 edidit
318 3126 326 3149 ‚
338 3084 442 3165 quibus
462 3087 537 3146 Estl.
560 3104 590 3145 et
609 3086 719 3145 Orbem
741 3090 912 3171 universum
935 3087 1117 3148 illustravit.
1139 3086 1223 3146 Non·

66 3164 138 3223 nula
159 3184 263 3226 tamen
284 3166 320 3226 ab
341 3185 376 3224 eo
396 3169 502 3247 scripta
523 3166 736 3227 interciderunt
749 3213 756 3235 ,
769 3187 802 3227 ut
814 3170 861 3226 lib.
874 3171 906 3227 sle
919 3168 1118 3232 Grammatico.
1131 3185 1218 3247 quem

65 3244 227 3306 Mediolani
250 3248 390 3327 scriptum
403 3248 520 3317 amisit,
533 3248 577 3307 uel
592 3248 756 3307 Mediolani
771 3249 892 3330 reliquit
913 3250 946 3307 in
960 3246 1090 3309 Africam
1111 3247 1218 3307 redux.

65 3323 105 3381 De
124 3326 175 3385 illo
199 3328 264 3411 agit
284 3328 318 3384 in
339 3328 405 3384 libb.
430 3329 557 3386 Retract.
585 3329 716 3387 Desider.
739 3330 827 3388 etiam
856 3328 1034 3406 Soliloquia:
1057 3348 1124 3389 nam
1147 3347 1219 3407 quse

64 3403 108 3463 suls
126 3409 152 3466 S.
178 3406 310 3485 August.
332 3409 456 3468 nomine
477 3408 633 3491 leguntur,
655 3416 716 3489 ejus
737 3429 800 3467 non
820 3428 910 3469 sunt.
933 3412 1016 3491 Opus
1036 3410 1073 3470 de
1094 3406 1220 3465 Animae*

65 3486 228 3557 immortua,
253 3487 335 3568 quod
355 3490 525 3569 scripserat,
547 3490 672 3570 dignum
701 3488 816 3571 publica
845 3492 908 3551 luce
932 3510 998 3551 non
1026 3490 1159 3555 censuit,
1185 3504 1218 3551 ut

66 3566 119 3645 ipse
138 3566 247 3629 fatetur
261 3614 268 3628 .
290 3563 437 3628 Affectum
451 3570 539 3628 etiam
554 3567 691 3629 habemus
701 3576 763 3649 ejus
775 3572 824 3629 lib.
839 3574 873 3631 de
885 3570 1054 3630 Haerrsibur
1066 3571 1103 3631 ad
1115 3569 1220 3647 Quod·

31 3713 32 3728 ,
65 3647 212 3710 rultdeus:
235 3648 315 3729 quod
335 3651 418 3730 Opus
439 3649 486 3708 vel
506 3668 600 3708 morte
629 3669 800 3731 praeventus
821 3696 830 3720 ,
854 3652 899 3711 uel
918 3653 985 3712 aliis
1006 3652 1152 3712 distentus
1173 3648 1223 3707 ab·

31 3737 32 3740 ’
67 3728 166 3789 solvere
187 3728 314 3789 forsitan
335 3729 492 3811 nequiuit.
513 3731 717 3811 Hipponensis
738 3733 834 3813 Episc.
851 3735 1034 3793 sanctissime
1054 3732 1131 3793 obiit
1146 3748 1219 3789 uou-

67 3810 146 3869 nullis
170 3828 240 3891 post
260 3807 392 3869 Houorii
413 3830 559 3871 excessum
580 3813 683 3879 annis,
706 3812 853 3877 licet,sub
874 3816 1010 3873 Honorio
1052 3812 1218 3879 raesertim,
1264 3884 1268 3889 ἱ

69 3888 187 3951 floruerit
209 3892 365 3955 doctrina,
377 3910 407 3949 et
421 3891 576 3952 sanctitate
595 3892 707 3952 clarus.
728 3894 816 3952 Vixit
836 3913 882 3953 an.
905 3905 969 3969 76..
991 3834 1217 3976 inlspisropatu

73 3979 129 4042 36„
150 3991 217 4053 post
239 3972 462 4031 conversionem
486 3994 533 4050 43.

101 4050 259 4191 digestu}
273 4054 365 4115 Caes.
386 4052 465 4113 Vide
487 4053 712 4125 octavianum
733 4054 911 4120 Octauianus
928 4055 963 4119 in
984 4054 1031 4115 Ο.

167 4152 216 4191 ars
253 4176 263 4191 .
1039 4157 1062 4219 g

876 4340 893 4371 Ι
