3317 4817
103 438 205 483 natm.
229 418 307 481 Vide
326 422 416 481 Corn.
428 417 568 481 Taciturn
588 416 622 480 in
644 422 704 498 ejus
716 408 785 489 'sita
800 460 813 480 .
828 414 979 489 Orationes
993 458 1001 483 2
1013 434 1085 500 quau
1103 417 1136 497 ln
1148 358 1259 487 Gabinis

103 504 135 561 in
154 506 284 571 Senatu,
305 520 334 561 tt
345 503 421 561 Foro
436 499 558 568 babuit,
580 499 673 560 desid.
768 546 773 553 ,

413 646 418 653 .
550 580 735 639 corollarium
756 578 813 641 IX.
836 574 854 637 .’

141 661 353 738 Agricultura.
372 664 458 722 Hanc
479 680 539 719 non
561 662 643 740 pauci
664 681 698 721 ex
719 660 849 739 antiquis
877 658 963 719 Rom.
979 658 1067 723 etiam
1098 656 1232 723 litteratis

102 760 129 801 et
150 743 286 801 Patriciis
306 758 502 809 exercuerunt,
522 758 644 820 quorutn
666 740 801 803 nonnulli
821 759 858 798 ex
877 757 983 806 aratro,
1006 756 1034 801 tt
1055 738 1201 820 ligonibus
1216 707 1253 804 ad

102 822 357 887 Consulatumet
376 824 558 885 Dictaturam
578 822 691 885 evocati
711 818 926 889 nouantur,in
949 818 1071 877 militari
1093 837 1195 899 nempe
1216 842 1255 877 at.

103 920 131 961 tt
151 921 214 959 non
235 903 335 960 minus
354 923 441 983 quam
462 901 495 959 in
515 919 646 983 agrorum
666 899 747 959 cultu
766 901 874 979 periti.
896 900 994 963 Plures
1015 900 1101 956 Rom.
1113 898 1148 957 de
1169 898 1254 977 Agri.

102 988 235 1046 cultura,
256 999 364 1061 praeter
384 999 491 1049 notos,
512 999 542 1041 er
562 999 684 1059 quorum
705 998 790 1058 opera
809 980 958 1061 leguntur,
971 979 1159 1059 seripserunt,
1174 996 1205 1037 ut
1219 986 1253 1044 in

101 1063 223 1120 decurso
242 1058 328 1137 huju‘s
347 1061 461 1136 Syllali
479 1060 648 1125 ostendam.
663 1060 885 1119 Vocontiorum
907 1060 1010 1139 scripta
1031 1055 1123 1117 adhuc
1144 1058 1250 1131 latent,
1278 1116 1282 1125 ,

101 1141 146 1199 vel
166 1142 332 1220 perierunt.
352 1141 553 1219 Agricultura,
567 1134 730 1202 licet'inter
752 1142 837 1201 Artes
856 1138 984 1202 liberales
1007 1146 1065 1195 non
1087 1156 1251 1219 censeatur:

100 1221 190 1301 digna
208 1237 310 1279 tamen
329 1222 392 1281 visa
410 1239 469 1288 est,
486 1222 532 1279 uti
550 1220 640 1277 etiam
662 1220 804 1288 Venatio,
816 1236 846 1279 et
867 1220 922 1279 Ars
943 1218 1078 1283 militaris
1090 1220 1192 1277 uident
1214 1216 1253 1278 af's

101 1298 183 1367 linis,
205 1320 278 1379 quse
297 1299 332 1358 ab
352 1301 489 1382 ingenuis
508 1318 701 1365 exerceretur,
714 1299 792 1378 quod
813 1298 850 1358 de
869 1298 977 1361 artibus
997 1299 1062 1362 aliis
1081 1300 1252 1365 sedentsriis

98 1381 230 1439 Romani
250 1382 367 1461 antiqui
388 1399 448 1439 non
469 1395 626 1461 putarunt.
647 1377 725 1449 ¹Vide
743 1381 884 1441 liornulos
904 1381 937 1439 in
959 1381 1008 1443 a.

141 1460 272 1535 Agrippa
292 1461 472 1533 (Menenius
492 1460 504 1534 )
524 1462 662 1539 antiquus
684 1458 806 1527 Orator,
819 1458 923 1540 dequo
934 1457 966 1519 lit
979 1462 1091 1523 mentio
1112 1462 1144 1519 in
1167 1460 1251 1521 Dial.

99 1540 132 1597 le
152 1540 235 1598 Orat.
249 1542 389 1614 antiquis,
410 1558 437 1597 er
457 1556 555 1598 recent.
569 1542 615 1599 De
635 1559 669 1598 eo
690 1558 780 1603 errant
800 1541 941 1600 meminit
959 1542 994 1599 Τ.
1004 1544 1068 1601 Lis.
1089 1541 1109 1598 l.
1131 1559 1157 1597 2.
1173 1540 1249 1605 Hirr.

99 1620 150 1677 ubi
172 1636 282 1685 norme,
306 1622 446 1695 Agrippae
467 1617 552 1696 hujus
572 1620 707 1680 Oratione
725 1621 812 1683 Rom.
825 1619 947 1699 plebem,
967 1630 1039 1703 quat
1061 1622 1251 1683 Patriciorum

99 1699 179 1765 odio,
194 1699 398 1759 vexationibus
418 1701 554 1768 excitato,
567 1700 608 1767 ¹in
629 1720 739 1763 utrum
759 1716 892 1759 montem
905 1719 1142 1767 secesserat,curn
1164 1702 1255 1766 Patri·

98 1776 150 1835 bus
170 1779 204 1836 in
224 1781 345 1859 gratiam
366 1777 454 1837 finisse
472 1780 620 1839 reductam
633 1824 640 1837 .
652 1783 745 1849 Haec,
758 1799 788 1839 et
806 1780 879 1839 aliae
899 1779 1043 1856 Agrippae
1065 1780 1145 1841 Orat.
1157 1781 1249 1840 desid.
1346 1826 1347 1835 ,

138 1856 268 1933 Agrippa
287 1861 353 1934 (Μ.
367 1860 526 1937 Vipsanius
547 1860 558 1934 )
580 1864 654 1942 ring.
665 1861 744 1920 Caes.
757 1860 883 1920 intimus
903 1860 1012 1919 amicus
1027 1906 1033 1925 ,
1047 1877 1076 1917 ct
1095 1861 1254 1943 gencivis

97 1933 156 1997 luit
176 1958 224 2019 egr
249 1938 315 2006 rius,
336 1956 365 1999 et
386 1936 475 2008 belli,
490 1957 518 1997 et
540 1941 617 2017 pacis
636 1938 745 2000 artibus
764 1938 958 2016 clarus,quus
979 1939 1126 2005 consiliis,
1141 1956 1170 1997 et
1183 1958 1250 2019 ope·

97 2038 125 2075 ta
147 2018 180 2073 in
202 2018 233 2075 di
264 2018 415 2077 cilioribus
434 2019 516 2078 rebus
538 2023 611 2099 Aug.
634 2019 766 2079 utebatur
787 2016 866 2078 felici
887 2038 1036 2081 successu.
1058 2019 1161 2083 Edidit
1183 2020 1248 2077 libb.

96 2098 128 2153 le
155 2096 222 2152 Vua
242 2118 313 2162 stra,
334 2118 455 2177 quorum
478 2098 619 2159 sccundus
638 2101 743 2161 citatur
764 2121 779 2157 a
801 2098 968 2181 Philargyro
987 2100 1020 2158 in
1044 2096 1191 2157 Commeat.
1212 2101 1249 2158 al

102 2176 179 2251 Virg.
192 2177 294 2253 Georg.
306 2178 409 2239 Edidit
428 2181 518 2241 etiarn
539 2178 762 2253 Descriptionern
784 2179 870 2248 Orbis
887 2196 1039 2243 tar-rorone:
1061 2198 1094 2235 ex
1107 2197 1165 2259 quo
1185 2198 1251 2260 ope.

10 2290 11 2297 .
96 2276 125 2313 re
147 2255 227 2335 plura
247 2254 343 2319 hausit
354 2259 533 2339 Plin.,qnae.
545 2256 687 2337 habentur
706 2260 754 2319 lib.
768 2282 816 2331 3.,
831 2283 873 2335 4,
894 2278 922 2317 er
945 2267 970 2315 o.
981 2254 1061 2335 Hirr.
1072 2258 1120 2327 N,
1135 2259 1166 2316 in
1191 2260 1253 2339 qui·

96 2334 148 2394 bus
170 2336 383 2415 saepedictum
416 2358 434 2400 o
476 2340 643 2405 scitatur
672 2342 744 2401 item
764 2341 786 2399 l.
810 2339 858 2410 η’,
880 2338 1039 2397 Orationem
1068 2336 1250 2425 magnificant

95 2416 255 2490 Agrippae,
277 2420 408 2477 maximo
427 2359 547 2481 gitium
568 2419 710 2501 dignam,
731 2419 768 2477 de
788 2418 895 2483 tabulis
914 2418 1070 2487 omnibus,
1092 2438 1122 2480 et
1142 2420 1251 2501 signis,

96 2514 170 2575 quae
190 2495 302 2554 Romae
320 2498 558 2567 asservabantur,
581 2498 785 2578 publicandis,
806 2500 895 2567 Haec,
916 2516 945 2563 tt
958 2498 1013 2559 alia
1033 2500 1128 2579 Opera
1149 2501 1251 2575 Agrip-

96 2594 152 2648 pae
172 2574 264 2633 desid.
279 2578 364 2645 fuit,
386 2598 419 2636 ut
439 2579 472 2637 in
494 2580 648 2642 vincendis
668 2576 820 2645 hostibus,
842 2596 871 2639 et
890 2580 929 2641 in'
945 2579 1011 2638 aliis
1030 2597 1108 2641 extra
1129 2580 1251 2641 domurn

95 2650 183 2721 felix,
206 2654 248 2712 ita
269 2655 351 2713 domi
372 2655 650 2731 infelicissimusob
672 2676 740 2720 nota
760 2657 852 2721 luliae
873 2659 971 2729 uxoris
991 2658 1249 2725 adulteria.Pluri-

95 2754 141 2791 ma
163 2732 295 2793 aedificia
316 2735 429 2816 publica
445 2736 567 2798 fuctum
583 2740 663 2799 abeo
679 2740 788 2800 Romae
808 2755 949 2801 exstructa
970 2740 1094 2819 propriis
1107 2742 1249 2819 expensis,

97 2831 126 2870 et
147 2812 202 2871 alia
223 2832 327 2873 ornata
345 2833 410 2894 post
425 2838 539 2892 aruum
556 2818 884 2881 Consulatum.Praettr
895 2814 1143 2897 Pantheon,quod
1155 2816 1248 2881 adhuc

94 2909 205 2960 exstat,
224 2895 301 2962 Deo,
321 2898 353 2954 Β.
366 2898 448 2977 Virg.
463 2918 492 2956 et
511 2895 625 2958 Sonc'tis
643 2896 780 2957 omnibus
802 2914 944 2965 nunt„ut
964 2896 1037 2955 olim
1058 2892 1137 2957 falsis
1156 2899 1246 2967 Diis,
1307 2930 1309 2937 ⁴

95 2971 246 3042 deatum,
268 2992 298 3034 et
318 2994 406 3054 oquae
426 2978 560 3059 Virginis
580 2978 718 3046 ductum,
739 2970 775 3035 ab
794 2997 828 3036 eo
850 2973 969 3047 fictum.
989 2978 1076 3051 unius
1095 2978 1168 3039 anni
1188 2998 1248 3061 spa·

88 3053 130 3109 tio
152 3055 287 3133 purgavit
307 3074 410 3115 omnes
438 3076 574 3137 aquarum
607 3060 804 3118 Romanarum
839 3056 963 3125 dusius,
985 3078 1090 3139 eosque
1119 3052 1242 3128 refecit,

89 3134 239 3191 exstsoctis
261 3153 327 3208 ¹30·
348 3135 474 3197 castellis
494 3139 530 3200 od
551 3159 687 3218 aquarum
708 3136 890 3217 spiramina:
912 3140 986 3199 Item
1008 3136 1153 3219 disposuit
1174 3159 1242 3209 700.

88 3209 161 3269 heus
173 3255 181 3276 ,
194 3232 245 3271 scu
264 3232 401 3292 aquosum
420 3218 595 3297 receptacula
615 3220 651 3279 ad
672 3238 756 3277 usum
777 3214 942 3285 artificum,
965 3235 993 3276 et
1014 3215 1165 3281 hortorum
1188 3220 1240 3278 Ur-

87 3290 129 3347 bis
149 3290 366 3373 irrigationem:
389 3314 417 3353 et
439 3310 521 3377 super
541 3295 610 3358 haec
628 3296 775 3365 aedilicia,
789 3315 861 3375 quae
881 3298 1241 3368 4oo0rnatit,columnis
1269 3351 1271 3358 ,

89 3372 268 3440 marmoreis,
295 3395 358 3449 300.
370 3375 524 3437 collocarit
545 3398 643 3455 parvas
664 3377 902 3461 statuas,partim
923 3396 1038 3447 aeneas,
1050 3379 1158 3460 partini
1170 3376 1243 3438 mai

93 3452 220 3523 moreas'.
241 3451 286 3511 Ita
308 3453 423 3526 Plinius
442 3456 477 3513 in
497 3457 537 3516 H.
550 3458 590 3533 Ν.
889 3518 892 3527 ,
1223 3507 1230 3519 .

124 3532 281 3605 Agrippina
302 3533 313 3606 (
335 3534 409 3595 lulia
430 3535 441 3608 )
462 3539 588 3600 Neronis
607 3533 747 3600 Caesaris·
763 3555 855 3607 mater
882 3557 916 3599 eu
938 3532 1076 3597 Domitio
1106 3528 1240 3623 Nerone',

85 3610 130 3668 tui
150 3628 219 3669 ante
237 3610 394 3676 Claudiurn
412 3616 573 3693 &enecari
585 3636 676 3698 nupta
695 3615 900 3701 fuir.Scripsit
920 3617 996 3679 Hirr.
1014 3620 1089 3677 virae
1108 3638 1197 3687 suae,
1211 3636 1240 3697 et

87 3706 220 3747 suorum.
242 3691 357 3751 Citatur
377 3715 392 3750 a
414 3694 491 3754 Plio.
504 3698 524 3756 l.
540 3696 618 3760 nrt.
632 3696 670 3755 N.
682 3715 710 3757 et
730 3720 746 3757 a
765 3700 834 3761 Tac.
847 3700 866 3757 l.
880 3703 911 3768 4.'
922 3710 995 3763 Ann.
1010 3696 1148 3757 Chaldaei
1169 3702 1183 3775 (
1194 3701 1236 3759 s'ie

87 3768 255 3851 Astrologos
280 3772 453 3833 iudiciarios
479 3777 660 3855 appellabunt
680 3777 692 3853 )
718 3777 755 3836 ab
773 3797 806 3835 ea
825 3779 954 3837 consulti
974 3778 1010 3846 de
1029 3776 1086 3838 filii
1098 3780 1234 3841 Neronis

86 3842 218 3914 fortuna,
237 3851 458 3931 responderunt,
479 3876 545 3914 curn
566 3858 775 3936 imperaturum
796 3876 862 3939 post
882 3858 1053 3926 Claudiurn,
1075 3860 1236 4000 cujusfiflri·

1203 3960 1240 4020 ¹1

87 3926 191 4062 tignus
208 3948 287 4067 eratlt
309 3949 338 3991 at
365 3932 402 3992 ab
420 3953 456 3993 eo
477 3937 667 4016 occidendam
686 3956 807 4021 matrem
820 3937 954 4025 equibus
974 3937 1023 3999 illa
1042 3958 1140 4011 amore
1206 3940 1216 4027 Γ,

190 4028 236 4067 ars
274 4054 282 4067 .
337 4064 341 4072 ,
1064 4038 1080 4079 c
1180 4024 1184 4035 '
