3317 4817
627 351 683 412 ΡΟ
1149 365 1187 422 7t
1253 377 1255 381 ·

72 431 191 497 nulium
211 431 435 506 intellexerunt,
453 445 549 496 natm
569 427 660 494 homo
681 446 831 502 canumet
851 428 998 492 credulae:
1021 447 1048 493 r.
1060 425 1125 498 libi.
1138 429 1232 491 Hirta.

71 520 263 590 ramosarum:
288 517 383 578 Troct.
398 518 432 576 dt
470 513 557 581 Veto,
578 533 605 576 et
625 515 801 594 dogmatibus
821 511 986 588 Philosoph.
999 536 1006 571 :
1019 513 1068 571 De
1087 512 1143 577 iis,
1157 531 1243 598 qrtae·

71 617 131 660 aunt
150 602 180 660 iu
200 617 296 660 rosana
311 617 471 677 potestate:
493 600 526 658 de
547 597 652 677 Redito
672 598 781 656 animas
800 597 838 654 ad
859 595 974 655 Deum:
986 597 1019 654 dt
1038 592 1244 661 δταιιιὶεείὶρ.ν

70 682 138 742 item
159 699 262 748 contra
281 681 401 744 edentes
420 686 632 753 carner,cuiua
652 682 792 739 meminit
813 677 890 738 Cael.
906 675 1034 758 Rhodig.
1046 676 1080 734 iu
1092 673 1228 751 Acutiquir

70 762 163 833 lectt..
186 767 220 832 in
236 783 320 844 quo,
341 783 374 826 ut
395 783 484 844 puto,
506 762 543 823 de
562 757 844 843 Gymnosophiotis,
864 759 942 840 apud
962 757 1054 818 lndoa
1074 759 1230 816 continen-

70 845 125 904 tiae
145 847 180 904 in
199 844 285 916 cibo,
306 864 336 906 et
356 846 423 907 aliia
443 845 527 906 valde
547 843 688 906 studiosis
707 842 823 926 agebat.
845 843 946 900 Vitam
978 837 1118 920 produxit
1138 857 1229 918 usque

71 927 104 987 ad
124 927 253 992 Dioclet.
266 945 332 997 ,et
349 930 460 999 Romae
483 927 579 988 virere
600 927 690 1000 derirt
710 927 803 984 initio
823 948 853 995 4.
865 925 923 982 Sec.
944 921 1020 980 Eccl.
1032 922 1159 980 Uxorem
1181 921 1232 979 ha·

74 1005 135 1066 buit
156 1009 334 1079 Marcellam,
356 1011 537 1079 Romanam,
559 1013 641 1084 cujus
661 1006 737 1068 filios
757 1027 792 1066 ex
813 1005 872 1066 alio
893 1005 999 1064 marito
1020 1003 1082 1082 ipse
1109 1001 1232 1060 educan-

71 1087 118 1146 dos
139 1092 283 1170 suscepit,
296 1110 325 1149 et
345 1091 480 1170 adquam
502 1090 609 1162 libnum
631 1090 762 1170 scripsit.
772 1086 898 1146 Videtur
909 1081 1061 1159 rn'Mogr'a
1075 1076 1157 1140 ualde
1170 1081 1230 1141 rer·

68 1187 141 1228 ntur
161 1166 266 1230 fultae.
278 1172 357 1231 Vide
375 1173 543 1253 Eunapium
567 1176 602 1232 in
623 1171 681 1250 eim
700 1169 781 1231 Vita.
799 1171 845 1228 De
857 1165 987 1248 ejusdem
1000 1163 1151 1228 dialectica
1163 1164 1231 1227 rub·

69 1250 176 1310 tilitate
196 1251 349 1330 Petrarcha
367 1255 497 1314 cecinit.
876 1284 879 1291 ¹

230 1333 259 1390 E
279 1331 363 1410 quel,
387 1334 438 1393 the
458 1355 508 1395 aar
525 1335 554 1392 di
574 1335 621 1392 noi
640 1333 756 1394 diverte
770 1349 854 1408 petra

226 1413 396 1490 Porpbirio,
418 1415 468 1474 che
488 1417 513 1474 d'
528 1417 605 1474 acuti
626 1410 775 1492 sillogismt'

226 1495 327 1571 Empie
345 1498 377 1554 la
397 1498 543 1556 dialectita
559 1493 693 1575 faretra.

69 1573 142 1634 Vide
164 1573 275 1635 Probus
296 1578 392 1658 paullo
414 1574 557 1640 inferius.

82 1657 252 1717 *Possiditr
264 1703 272 1726 ,
286 1659 381 1740 Epist.
394 1656 516 1720 Altius
538 1658 701 1754 Augustini
723 1657 943 1737 discipulus,et
963 1653 1026 1733 ejus
1052 1652 1135 1713 Vtrae
1154 1652 1228 1715 Scri·

63 1753 146 1816 ptor,
170 1733 229 1798 fuit
247 1739 319 1799 alter
347 1761 382 1802 ex
403 1743 522 1820 Epire..
542 1760 593 1821 qur
615 1741 786 1822 Pelagium,
806 1743 919 1811 eteius
939 1743 1056 1796 errorec'
1072 1737 1106 1792 in
1128 1737 1220 1796 Conci

62 1817 194 1902 Carthag.
206 1820 384 1884 damnarunt
396 1821 448 1880 sub
460 1824 564 1882 lnnoc.
580 1843 604 1884 1.
618 1824 704 1880 Rom.
720 1822 822 1886 Pone,
837 1836 867 1878 et
877 1820 1013 1878 Honorio
1027 1819 1221 1896 Imperatore.

97 1900 299 1970 Possidorrius,
322 1905 398 1961 Phil.
412 1907 504 1982 patria
525 1903 718 1984 Aparneensis
738 1918 809 1960 teste
830 1899 993 1959 Strabone.
1013 1896 1145 1956 Rhodius
1175 1897 1219 1958 di·
1259 1935 1261 1938 -

62 2000 128 2050 ctus,
151 1983 223 2064 quia
243 1981 385 2060 Rhodum
407 1983 556 2045 incoluit.
578 1985 648 2044 Fuit
668 1999 743 2042 secta
763 1981 901 2049 Stoicus,
921 1999 1009 2062 quem
1038 1979 1151 2039 Romae
1171 1979 1222 2040 do·

61 2081 173 2122 centem
196 2065 297 2123 Cicero
319 2066 453 2126 audivit.
467 2068 513 2126 De
532 2085 569 2124 eo
590 2066 651 2124 Cic.
669 2065 756 2122 variis
775 2065 809 2122 in
831 2063 964 2121 locis.ln
979 2059 1064 2118 Ture.
1076 2059 1141 2138 QQ.
1163 2081 1226 2123 nar.

61 2147 192 2211 rat,CN.
206 2147 313 2226 Pomp.
323 2167 390 2207 eunt
403 2146 531 2208 Athenio
543 2163 740 2228 aegrotantem
762 2144 1046 2222 monimentaque
1060 2141 1139 2200 inter
1148 2163 1226 2203 acer.

63 2221 126 2284 bros.
137 2226 256 2285 dolores
277 2228 362 2286 alacri
381 2231 484 2288 animo
513 2223 771 2308 philosophantem
792 2225 961 2284 audivisse.
983 2222 1067 2282 ldem
1087 2222 1165 2285 Tull.
1180 2225 1218 2296 de
1248 2273 1253 2281 .

60 2305 126 2364 Nat.
140 2308 272 2366 Deorum
283 2309 331 2366 lib.
347 2331 373 2368 2.
388 2308 517 2390 loquitur
529 2309 566 2368 de
577 2305 703 2388 sphaera,
716 2307 750 2366 ab
764 2325 799 2365 eo
818 2323 985 2366 constructa
997 2349 1005 2373 ,
1017 2304 1157 2366 imitante
1176 2326 1223 2380 ao·

58 2384 111 2451 lis,
131 2389 242 2457 lunae,
264 2408 293 2448 et
313 2394 474 2450 errantium
495 2389 641 2453 stellarum
665 2405 781 2457 motus,
803 2404 833 2446 et
852 2386 1220 2456 conversionet,aimilem

57 2466 112 2535 illi,
134 2489 227 2549 quam
240 2468 429 2540 Archimedes
451 2467 619 2532 fabricarit:
631 2469 712 2550 quod
732 2467 938 2539 indicat,eum
960 2470 995 2527 in
1015 2470 1222 2546 Astronomip,

61 2566 88 2684 {t
107 2547 283 2614 Meehanica
303 2547 390 2613 fuisse
411 2568 575 2614 emtarum.
595 2552 668 2612 Fuit
686 2551 821 2614 Panaetii
842 2550 1006 2632 diatip:1ta
1025 2549 1089 2628 Cic.
1108 2546 1239 2631 doofflg

74 2671 81 2686 .
103 2652 130 2697 3.
152 2651 178 2690 c.
202 2653 229 2690 t.
950 2670 953 2677 ,
1036 2665 1039 2672 -
1133 2684 1135 2690 ,
1158 2675 1238 2707 „w

95 2711 335 2784 posthumianus,
350 2710 440 2776 foren.
455 2717 561 2774 Orator
571 2712 716 2778 celeberr..
725 2709 1028 2792 teateMactobioqui
1041 2731 1108 2771 enm
1120 2701 1221 2770 in'Sa·

62 2806 130 2850 turn.
144 2794 386 2856 interlocutotem
408 2793 479 2856 facit
499 2796 536 2856 de
556 2794 659 2855 multia
678 2795 715 2854 ad
739 2795 937 2877 Philologiam
957 2791 1160 2874 spectantibua
1168 2835 1189 2851 ..

94 2873 285 2938 Peribomius
305 2875 322 2951 (
330 2879 357 2934 Α
369 2877 402 2950 ),
423 2877 523 2942 Hirr..
544 2875 641 2936 edidit
661 2876 801 2935 voltrmen
829 2874 866 2935 de
893 2872 1028 2934 Adventu
1047 2871 1164 2933 Actaeae
1181 2871 1221 2933 in

57 2950 196 3024 Italiam,
217 2957 298 3038 quod
318 2957 410 3018 desid.
1179 2964 1183 2975 ‘
1234 2980 1239 2991 ·

91 3036 287 3107 Porthmos,
310 3040 438 3108 Orator,
457 3053 488 3099 et
514 3037 718 3107 Caursidicua,
738 3035 806 3118 qui,
828 3036 854 3097 ci
873 3035 1005 3098 Martiali
1026 3033 1116 3106 fider,
1137 3036 1215 3095 inter

54 3118 195 3179 orandum
208 3119 313 3181 inalia
324 3121 427 3180 omnia
438 3135 518 3184 extra
529 3141 657 3180 caussam
680 3117 796 3188 abibat,
811 3136 842 3177 et
853 3119 960 3192 iccirco
971 3119 1001 3179 ei
1019 3121 1108 3180 Matr.
1120 3116 1219 3178 dicit.

216 3199 282 3258 lam
303 3202 367 3270 die,
389 3200 565 3272 Porthaone,
586 3202 620 3260 dt
641 3201 728 3275 tribus
749 3201 880 3274 capellis.
1018 3255 1062 3272 „-

87 3278 206 3340 Potitus
227 3280 239 3358 (
260 3281 325 3342 Val.
347 3282 391 3358 ),,
406 3283 512 3348 Orator
531 3325 540 3353 ,
561 3284 612 3363 qui
642 3298 708 3362 post
737 3280 970 3342 Decemoitalem
998 3279 1147 3342 invidiam
1167 3299 1231 3348 ..au

50 3355 213 3420 libidinoso
241 3362 418 3422 Decemviro
446 3365 547 3445 Appio
577 3365 732 3430 excitatam
755 3407 763 3433 ,
785 3363 916 3442 plebem,
937 3364 972 3421 in
1000 3363 1143 3424 Patricius
1170 3377 1217 3420 tu-

51 3443 247 3584 rgultuzntedm
262 3443 423 3585 ‚dlegibum
444 3461 474 3504 et
500 3445 694 3521 concionibus
721 3445 892 3529 mitigavit.
914 3445 960 3504 lta
980 3446 1046 3508 cic.
1064 3443 1099 3504 in
1115 3441 1213 3514 ,otuu
1295 3445 1299 3451 '

74 3541 119 3598 pur
172 3543 194 3582 r.
226 3543 268 3585 eat
292 3565 299 3580 .
659 3587 660 3590 ,
1044 3589 1048 3594 .

88 3604 252 3676 Potamon,
274 3625 396 3690 magunt
415 3605 573 3690 Mitylenis
600 3605 795 3678 declamator,
816 3615 904 3689 quent
928 3605 1076 3668 audiritoe
1096 3601 1213 3663 ridetur

51 3683 111 3744 Seu.
124 3685 241 3748 Romae
260 3685 473 3751 declamantem
494 3689 531 3751 de
556 3709 620 3768 300.
636 3687 808 3754 laconibuc.
830 3691 876 3752 De
893 3707 931 3749 to
951 3705 1047 3750 mrrat
1066 3684 1211 3755 nonnulla

57 3764 90 3827 in
113 3765 200 3828 Suos.
213 3787 243 3828 a.
1173 3805 1176 3810 .

609 3853 664 3915 ΡΗ·

79 3897 238 3997 Praxeas.
258 3899 437 3998 sibellienui
457 3933 578 4004 haecce,
592 3937 643 4016 qui
665 3895 790 3996 Romani
812 3933 874 3995 ruia
892 3930 1009 4015 etiptia
1029 3929 1218 4018 Patrip'arriaa'
1275 3916 1278 3921 ¹

52 4027 292 4178 pparupertieepruogr
304 4017 437 4084 intulit.
456 4019 534 4080 Eum
552 4019 664 4082 Termi
678 4021 726 4082 hb.
738 4036 797 4082 atto
813 4013 975 4083 labarit..
996 4015 1127 4080 Praxeae
1146 4036 1222 4083 sere·
