3317 4817
88 434 172 517 ¹plrilo
190 438 396 513 Maurarum.
417 434 455 498 in
473 434 591 499 carcere
611 352 729 519 regitis
747 432 888 521 origenis
900 376 1253 523 'Apologlamqusis’alt

90 519 199 582 festam
221 520 367 601 reliquit.

86 627 90 635 ·
129 600 300 678 Pamphilus
321 598 338 677 (
355 604 388 662 I..
401 598 508 661 Vibius
524 598 562 678 ),
585 600 661 694 Aug.
673 598 813 669 libertus,
827 598 980 670 &rihmot
1000 620 1016 660 a
1036 598 1152 660 bibliot.
1162 598 1255 683 Apol·
1381 619 1385 623 ·

93 682 188 742 linia.
211 685 257 744 Ita
276 702 312 742 ex
334 698 391 742 ret.
402 682 608 762 inscriptione,
620 700 654 740 tn
674 679 793 741 aedibus
804 676 987 758 Maffaejanis
1001 684 1110 741 Romae
1122 698 1252 763 reperta.

89 763 231 841 Forsitan
250 763 330 823 idem
349 775 394 824 est
414 782 482 823 cum
502 763 668 843 superiore,
689 767 775 841 cnjus
791 762 932 823 meminit
954 763 1145 825 Pamvinius.

553 842 738 905 Corollariurn
758 842 784 901 1.
1192 866 1197 873 ¹
1233 858 1242 874 ·

132 925 308 996 Pandecrae,
331 944 393 1007 part
412 924 550 1008 Corporis
569 925 646 985 iuris
664 924 795 991 Ciuilis,
812 922 894 1006 quod
914 923 1073 986 nandans
1087 966 1095 990 ‚
1108 941 1138 983 et
1158 922 1251 987 codi-

93 1026 160 1067 cem
179 1007 404 1089 complectitur.
425 1009 461 1066 ln
483 1006 633 1064 Pandectt’s
651 1008 843 1065 conusentur
865 1008 1003 1067 Veterum
1026 1006 1256 1065 iurisconsulto-

89 1080 381 1148 rum'iiomanoitrm
401 1086 573 1147 Decisiones
588 1086 622 1144 in
635 1082 807 1171 fragmentis
817 1087 959 1167 Operum,
981 1084 1110 1168 ab'ipsis
1130 1085 1255 1145 lucubra-

90 1185 212 1228 torum.
234 1168 403 1232 Pandtrtan
415 1166 541 1244 Digesta
561 1168 650 1227 etiam
664 1166 853 1247 appellantur
868 1210 875 1225 .
897 1167 977 1234 Ubi,
991 1183 1022 1227 et
1042 1166 1160 1247 qnando
1181 1164 1255 1225 Pan·

95 1248 240 1307 dastarrrnt
254 1250 328 1320 libri,
342 1250 392 1329 qui
405 1247 458 1307 sub
466 1247 649 1308 barbarorum
661 1246 881 1307 incursionibus
889 1246 1029 1316 latebant,
1040 1249 1159 1307 inventi
1179 1248 1263 1321 sint,
1320 1278 1325 1290 ·

93 1328 166 1389 vide
186 1330 263 1411 apud
283 1331 307 1387 J.
325 1328 596 1397 Vino-Gravinum
616 1328 755 1407 derorig.
776 1327 856 1387 Iuris
876 1328 976 1389 Civilis
995 1348 1012 1389 a
1033 1342 1097 1414 pag.
1122 1348 1156 1407 7³
1181 1329 1252 1389 uer·

91 1409 155 1491 pol.
166 1410 310 1475 editionis
329 1427 375 1468 an.
389 1429 496 1481 ηιμ,
516 1430 573 1491 qua
594 1426 681 1470 utor.
1063 1472 1065 1477 ,

133 1490 306 1559 Panaetius,
328 1486 405 1549 Phil.
418 1493 500 1567 cujus
519 1490 660 1550 meminit
679 1490 779 1553 (linia
797 1492 911 1552 tiarae
932 1487 1037 1571 Officiis
1057 1490 1094 1552 ad
1116 1492 1263 1552 Marcum.

90 1566 208 1631 filium.
227 1571 347 1651 Scripsit
365 1572 402 1629 de
422 1568 496 1649 Off„
517 1588 547 1630 et
567 1572 687 1633 miratur
708 1573 828 1644 Cicero,
842 1576 927 1644 euni,
948 1574 1021 1653 quid
1042 1574 1081 1631 rit
1102 1569 1252 1649 Officium?

90 1668 160 1711 non
178 1654 363 1733 exposuisse.
384 1652 454 1710 Fuit
474 1646 608 1712 Africani
628 1651 754 1729 junioris
772 1652 884 1713 amicus
898 1697 906 1722 ,
920 1670 951 1712 et
969 1650 1067 1713 comes
1080 1680 1086 1710 .-
1100 1654 1145 1715 Ita
1172 1652 1249 1711 Plus.

91 1731 127 1790 in
142 1730 320 1807 Aprpltrlreg.
328 1730 470 1790 Laudatis
489 1731 637 1812 Scipionis
656 1728 748 1793 Afric.
760 1732 987 1793 abstinentiam.
1008 1735 1054 1793 Ira
1072 1722 1254 1799 ciedeolf.

90 1812 145 1870 tib.
156 1830 185 1869 a.
197 1832 222 1871 a.
240 1821 285 1871 16.
293 1812 341 1870 Ab
360 1810 463 1870 codem
484 1811 586 1871 Tullio
606 1813 711 1872 citatur
722 1812 770 1871 til.
782 1835 812 1884 4.
828 1812 913 1870 Ture.
927 1812 993 1891 QQ.
1008 1812 1139 1871 Panaetii
1159 1812 1253 1887 Epist.

90 1894 133 1949 ad
153 1892 190 1968 Q.
217 1892 405 1959 Tuberonem,
426 1892 536 1973 inqua
557 1892 654 1955 laudat
675 1894 767 1975 appii
782 1894 873 1953 caeci
885 1892 1041 1953 Carmine.
1066 1888 1196 1953 Affectus
1215 1907 1258 1953 tes

97 1972 192 2054 iiquit
203 1972 270 2032 libb.
281 1974 316 2030 de
326 1968 430 2051 Officiis
439 1970 452 2031 .·’
461 1972 539 2053 quod
550 1973 640 2033 etiam
651 1975 774 2032 miratur
779 1972 848 2033 eie.
859 1974 881 2031 i.
894 1996 919 2042 3·
928 1974 962 2031 rie
975 1970 1031 2051 Off.
1043 1991 1066 2030 c.
1080 1989 1117 2042 r.·,
1129 1990 1196 2035 cnm
1202 1974 1259 2033 Po·

103 2052 314 2126 sidonius-eius
326 2052 488 2133 discipulus
498 2068 630 2122 tertmur,
647 2054 859 2129 3o.an.ri1isse
870 2071 909 2132 po
956 2048 1078 2113 usme'oa
1090 2053 1256 2134 scripseras.

146 2130 242 2191 Pansa
263 2132 348 2208 (C).
369 2133 449 2193 Vide
468 2132 582 2191 Hirtius
601 2135 635 2191 in
656 2132 698 2191 H.
712 2136 787 2193 Eum
809 2133 906 2195 hirriat
960 2138 996 2193 ic.
1008 2131 1125 2271 'Philip
1146 2153 1173 2207 7.
1193 2138 1257 2213 ejus

91 2215 295 2295 sapientiam,
314 2213 410 2272 animi
437 2212 695 2298 magnitudinem,
721 2232 753 2272 et
772 2212 913 2274 virtutem
939 2216 983 2273 in.
996 2214 1158 2289 Consuant
1177 2230 1255 2275 coras

96 2294 262 2353 mendant.
283 2294 372 2373 idern¹
386 2294 503 2353 Tullius
521 2293 603 2353 Plrii.
626 2315 652 2356 r.
676 2293 774 2359 laudat
791 2292 876 2371 Orat.
899 2294 936 2353 ab
956 2312 990 2352 eo
1011 2292 1163 2365 habitam,
1184 2310 1254 2355 cnm

90 2378 156 2437 Cos
175 2392 248 2434 esset
267 2393 325 2435 una
344 2394 412 2434 cnm
432 2377 552 2443 Hirtio,
571 2378 656 2451 cujus
674 2375 765 2433 etism
786 2370 1095 2435 ostentauerant
1116 2394 1161 2437 .r.
1182 2369 1252 2435 eum

86 2457 202 2515 iterum
232 2454 420 2515 commendat
450 2454 486 2515 ab
516 2455 681 2515 studiorum
706 2455 844 2514 societate
867 2498 875 2524 ,
896 2460 934 2514 ac'
954 2454 1082 2515 similitu
1108 2456 1156 2513 'ne
1184 2472 1252 2515 cum

90 2536 167 2605 suis,
187 2553 217 2594 et
236 2556 253 2595 a
273 2537 436 2618 sapientia.
457 2534 587 2597 Alteram
608 2538 669 2615 ejus
689 2535 725 2595 in
743 2537 850 2596 Semta
870 2532 1000 2597 habitam
1013 2534 1176 2595 Orationem
1196 2534 1254 2598 larr-

90 2616 148 2677 dat
167 2614 274 2693 Pisilis.
291 2639 336 2682 rs.
357 2618 470 2678 initio.

138 2695 301 2756 Pantaenus
312 2742 320 2769 ,
332 2694 409 2757 Phil.
420 2698 550 2769 Stoicus,
562 2698 613 2779 qui
634 2695 819 2759 Christianus
828 2696 931 2769 lactus,
946 2696 1160 2759 Alexandrinae
1172 2694 1253 2761 sciro·
1284 2714 1286 2717 ·

90 2777 142 2839 iae
162 2775 308 2858 praefuit,
325 2798 417 2859 eaque
443 2798 513 2838 mox
540 2780 655 2849 relicta,
675 2779 712 2838 ad
732 2780 824 2839 Indos
844 2781 991 2859 perrexit,
1012 2778 1117 2860 quibus
1138 2775 1252 2839 Christi

89 2858 290 2947 Evangelinm
311 2860 512 2940 praedicarit.
532 2860 645 2920 Floruit
665 2858 718 2919 snb
733 2860 861 2928 Sermo,
881 2875 912 2917 et
927 2858 1092 2919 Caracalla.
1115 2860 1151 2917 in
1171 2856 1258 2917 sciro·

89 2938 124 2999 la
145 2939 303 2999 Alexmdr.
316 2942 479 3000 auditorem
500 2938 710 3001 habuirClem.
730 2939 976 3010 Alexandrinum,
998 2940 1136 3024 origenis
1156 2939 1190 2996 in
1210 2937 1255 2998 Sa·
1366 3024 1368 3027 Ι
1424 2894 1428 2903 ¹

90 3018 158 3080 cris
177 3018 283 3080 litteris
303 3021 493 3103 magistrum.

88 3133 96 3153 .
125 3100 306 3172 .‘Pantilr‘us,
321 3103 430 3194 Poeta.
443 3100 570 3170 Horatio
590 3120 690 3196 parurn
711 3114 808 3195 gntus
820 3124 827 3165 t
840 3117 907 3161 eum
927 3101 1038 3196 quippe
1058 3099 1186 3160 Cimieesr
1205 3117 1253 3181 ap·

89 3180 695 3341 peliiripiffi'Si'io‘iriinl’iisliitearizpieuri
711 3178 1119 3332 griiotiislieffludfretcdiiti'ixit
1143 3237 1278 3323 Romae
1312 3264 1314 3269 '

90 3342 216 3425 scriptis
235 3342 296 3401 auis
315 3358 404 3403 notua
414 3376 432 3411 ,·
444 3360 517 3402 terte
534 3346 562 3402 8.
573 3344 696 3403 Hieron.
715 3342 770 3402 sub
794 3344 838 3403 M.
860 3342 999 3401 Aurelio.
1021 3343 1093 3401 Fuit
1114 3344 1255 3424 Hieropo-

89 3422 293 3564 gttgpioebsia
312 3425 427 3543 minore
447 3424 625 3504 Episcopus,
645 3426 728 3503 cnjus
747 3439 901 3508 supersunt
921 3422 1074 3483 nonnulla·
1086 3419 1252 3551 'fragmenta

117 3524 328 3661 lsl’apirriirms,
349 3585 576 3647 Iurisconsultus
593 3560 783 3652 clarissimus}
800 3582 891 3649 Praei.
899 3602 998 3669 praet..
1018 3602 1050 3645 er
1068 3583 1199 3665 justitiae
1219 3580 1249 3643 li·

88 3664 172 3726 delia
191 3683 331 3725 assertor.
350 3666 473 3730 Occisus
492 3663 571 3737 fuit,
590 3670 659 3748 quia
680 3668 797 3761 scriptis
816 3668 876 3727 suis
895 3686 1028 3728 excusare
1048 3664 1144 3724 noluit
1165 3664 1247 3723 Cara·
1360 3708 1362 3713 .

86 3744 197 3806 callam
218 3747 383 3816 Caesarem,
403 3748 456 3828 qui
477 3743 594 3808 irruent
621 3750 749 3815 Getam,
770 3748 891 3827 imperii
917 3749 1193 3815 socium,nscarar,
1216 3761 1250 3804 nt

83 3826 173 3889 aolus
192 3826 366 3907 imperaret.
388 3828 545 3888 Recusarit
564 3829 802 3889 constantissime
821 3827 1021 3907 Papinianus,
1041 3826 1148 3885 Getam
1169 3822 1248 3905 apud

92 3905 240 3999 populum
261 3905 450 3976 calumniari,
464 3909 493 3967 ei
512 3904 583 3968 falsa
601 3909 728 3968 crimina
745 3906 946 3987 imponendo,
957 3926 994 3999 ut
1008 3906 1253 3999 Caracaliaoptr·

90 3988 147 4047 bat
161 4008 168 4045 :
179 3986 266 4125 pllud
280 4002 369 4124 Ispepe
388 3987 558 4051 insultans:
578 3988 646 4051 Nan
665 4005 728 4050 tarn·
740 3986 893 4067 sarie-arr
912 4004 1046 4051 incaute
1060 3986 1258 4065 mentuunt,

206 4085 254 4126 ars
315 4112 322 4127 .
1067 4087 1091 4147 p
1311 4078 1314 4086 ’
