3317 4817
127 386 217 459 Orlro,
230 385 320 461 Rom,
331 388 406 469 Imp.
419 383 614 449 Orationibus
628 307 695 448 labis
716 386 864 468 provallo
883 402 1055 457 castrorum,
1070 328 1195 449 milirdo5
1201 390 1238 450 ad

31 486 35 491 ·
87 464 192 529 fortiter
214 470 405 553 pugnandum
418 467 617 530 ‘ascendebam
637 472 683 530 lta
702 469 802 530 Tael.
816 481 854 528 ἰ.
877 468 954 529 Hist.
976 470 1046 548 Ejus
1067 469 1160 529 Orate.
1181 471 1236 531 Ca.

85 566 201 613 menses
222 550 316 611 desid.
359 625 362 633 Ι
633 586 717 693 ov·
981 576 983 581 ·
1303 552 1305 555 ’

86 706 94 787 f
125 712 245 771 ovibus
261 714 445 794 Nasone),
460 716 547 775 Poeta
568 716 752 785 notissimus,
773 714 911 777 Sulmone
933 729 1019 773 natus
1047 732 1082 772 ex
1111 712 1235 793 equestri
1297 710 1302 717 ¹

88 788 215 858 baiba,
237 798 354 865 Hirtio,
374 812 403 853 et
424 798 514 856 Pansa
529 796 722 865 Consulibus,
736 799 788 878 qui
808 793 885 876 apud
905 798 1053 855 Mutinam
1075 795 1108 851 in
1129 794 1237 875 praelio

40 870 46 881 ⁴
86 892 182 934 contra
202 879 370 936 Antonium
391 877 572 936 ceciderunt.
584 879 634 935 Sin
657 877 728 936 olari
749 874 808 937 fuit
827 880 949 959 ingenio
961 874 1123 955 praeditus,
1137 876 1166 933 et'
1180 876 1236 933 mi·

85 975 113 1013 ra
138 956 170 1011 in
199 958 362 1038 pangendis
378 957 556 1017 carminibus
576 898 740 1027 facifitate„
755 959 860 1017 adeout
884 954 942 1016 fere
962 956 1106 1035 quidquid
1128 954 1236 1013 diceret

87 1053 179 1093 sersus
198 1055 293 1095 esset.
313 1038 426 1096 Floruit
447 1037 499 1097 sub
520 1042 671 1121 Augusto.
693 1041 805 1097 Praeter
825 1041 920 1119 Opera
949 1038 1066 1096 Portica
1094 1036 1163 1095 saris
1185 1040 1236 1093 no'-

86 1132 128 1180 ta,
141 1134 212 1197 quae
232 1136 385 1199 supersunt
406 1120 537 1199 integra,
561 1121 641 1199 plura
660 1118 775 1189 edidit,
790 1140 871 1199 quae,
895 1118 938 1178 rel
959 1116 996 1176 ad
1017 1134 1071 1175 nos
1091 1132 1153 1175 non
1175 1132 1240 1195 per·

59 1200 62 1206 ’
89 1216 205 1275 uenere,-
226 1199 273 1258 rel
293 1197 397 1259 mutila
409 1245 417 1268 ,
429 1212 458 1259 et
478 1195 581 1260 affecta·
599 1199 719 1282 reliquit
733 1245 740 1258 .
753 1202 796 1259 Ex
817 1198 967 1258 Fastorum
979 1197 1058 1257 libris
1070 1214 1125 1273 Ιιι.
1140 1235 1149 1260 ,
1162 1214 1235 1277 quos

83 1278 295 1348 lucubratius.
316 1276 431 1339 tantum
453 1281 561 1361 priores
582 1281 731 1365 leguntur.
753 1277 926 1340 Inchoatum
948 1278 1053 1336 Panna
1072 1276 1126 1335 reli
1148 1278 1235 1336 nituit

78 1358 224 1422 Piscibus.
249 1361 369 1439 Scripsit
390 1382 530 1441 praeterea
549 1362 741 1446 Tragoediam
763 1359 869 1419 Medea
884 1404 891 1428 ,
906 1378 991 1441 quam
1006 1357 1104 1417 laudat
1125 1296 1232 1437 diuina.

83 1440 103 1495 l.
118 1458 149 1493 ro
162 1482 170 1506 ,
184 1438 378 1508 Germanicum
404 1441 601 1517 Triumphum,
622 1462 651 1501 et
673 1442 895 1499 consolationem
916 1442 954 1497 ad
974 1438 1084 1497 liviana
1105 1438 1138 1495 in
1159 1439 1236 1499 Mors

83 1535 112 1577 te
129 1518 240 1577 Drusi.
272 1521 341 1596 Ejus
369 1522 583 1603 Epigrammata
611 1524 738 1581 citantur
766 1543 783 1581 a
810 1522 986 1580 Priscianus
1007 1520 1122 1578 Citatur
1143 1516 1233 1576 etiarn

82 1601 140 1675 ejus
160 1597 373 1659 Pboenomenon
392 1603 542 1663 libellusa
562 1604 730 1671 Martiano,
750 1622 783 1662 ac
803 1600 953 1670 Martiale,
976 1616 1009 1659 ut
1028 1618 1058 1657 et
1085 1596 1234 1655 Vaticinio.

83 1697 139 1734 rum
159 1679 340 1740 liberunus.
355 1683 487 1761 Quintil.
498 1684 545 1741 lib.
555 1694 580 1739 n.
603 1684 695 1741 lastis.
708 1682 798 1741 tradit
809 1726 816 1749 ,
829 1700 898 1740 euru
919 1681 1064 1759 scripsisse
1084 1678 1184 1734 librum
1204 1678 1232 1733 in

80 1758 169 1816 malos
190 1758 295 1817 Portas
314 1803 322 1819 .
344 1765 380 1820 ln
401 1780 446 1822 tot
466 1763 619 1820 Poemarir's
640 1782 753 1822 necesse
770 1759 892 1823 ¹fuit‚in
914 1760 1008 1839 aliqua
1029 1757 1103 1815 vitia
1125 1756 1236 1815 incide·

80 1857 126 1895 se.
146 1840 213 1918 Ipse
233 1842 374 1901 nonnulla
394 1844 532 1925 agnovit,
554 1861 583 1901 et
603 1864 635 1903 ea
655 1839 739 1902 &teri
759 1860 822 1901 non
842 1838 1037 1906 erubescebat,
1060 1837 1134 1917 quin
1146 1834 1234 1895 uellet

79 1937 129 1986 ea,
148 1939 217 1977 cum
239 1938 355 1999 posset,
376 1922 546 1992 emendare,
569 1923 670 1983 dicens
680 1963 691 1987 ,
703 1922 920 1989 decentiorem,
935 1936 964 1979 et
976 1918 1173 1977 venustiorem
1195 1936 1234 1979 es·

81 2016 109 2055 se
129 1994 253 2066 faeiem,
274 1999 308 2058 in
328 2021 384 2082 qua
405 2023 512 2063 naevus
532 1998 570 2062 ali
593 2006 638 2063 uis
658 2010 750 2062 esset.
774 2003 851 2061 Vide
870 1993 935 2061 sen.
951 2000 971 2057 l.
986 2018 1014 2057 2.
1030 1998 1184 2066 canera.
1204 2012 1235 2055 π

80 2078 100 2134 l.
115 2100 140 2134 a.
154 2078 286 2138 Declam.
303 2122 312 2145 ,
332 2082 383 2140 ubi
405 2084 547 2143 nonnulla
567 2024 603 2143 de
625 2084 729 2144 Ouidio
747 2084 824 2142 scitu
846 2082 954 2163 digna,
977 2079 1066 2160 vulgo
1089 2095 1151 2135 non
1181 2094 1232 2135 no·

81 2174 118 2223 ta,
139 2159 297 2241 leguntur.
319 2163 398 2221 Vide
418 2164 504 2223 Latro
525 2166 558 2223 in
570 2163 605 2222 L.
617 2165 706 2237 Emul
726 2163 856 2222 obiitin
877 2162 974 2219 Ponto
995 2174 1060 2239 post
1089 2166 1116 2216 8.
1133 2156 1232 2216 exsilii

79 2257 186 2297 annos:
207 2241 311 2299 aetatis
330 2262 377 2301 an.
390 2264 477 2326 agens
499 2254 564 2309 so.;
585 2244 699 2303 Tiberii
719 2264 766 2304 an.
784 2265 797 2317 5
812 2240 866 2301 rab
887 2243 924 2298 U.
938 2242 972 2300 C.
993 2257 1061 2311 771·
1081 2237 1155 2297 lllttc
1169 2234 1233 2295 suis

78 2317 245 2398 deportatus
265 2325 343 2394 jussu
364 2326 491 2406 Augusti
511 2324 549 2386 ob
572 2344 703 2393 caussas,
724 2343 796 2405 equae
816 2320 910 2382 adhuc
931 2319 1046 2382 latent,
1064 2317 1133 2377 licet
1153 2317 1235 2377 Sidu-

78 2401 144 2457 nius
166 2399 300 2479 Apollin.
312 2404 438 2486 assignet
458 2424 510 2485 pro
529 2425 626 2465 caussa
647 2405 770 2464 dasena
791 2402 922 2462 Canninn
940 2400 978 2459 ad
998 2397 1125 2481 'Augusti
1144 2396 1250 2477 liliam¹

79 2481 175 2544 missa,
188 2498 286 2559 quam,
308 2478 376 2541 ficto
398 2487 529 2550 nomine,
554 2486 699 2543 Corinnam
716 2485 876 2565 appellabat
890 2526 898 2552 ,
912 2481 1026 2560 sibique
1045 2466 1177 2537 amicitia
1189 2478 1236 2537 de·

78 2559 210 2618 tinctam
232 2557 455 2623 habebar.Vide
476 2565 571 2624 Ovidii
598 2564 690 2624 Vitam
711 2567 744 2623 in
764 2570 825 2641 eins
839 2558 1151 2641 Interpretibus.1llud
1171 2575 1234 2617 non

77 2639 175 2697 mirari
196 2658 260 2696 non
280 2659 408 2720 possum,
430 2660 490 2703 tam
512 2646 660 2727 insignem
673 2649 792 2706 Poetam
812 2644 867 2717 soli
883 2642 1029 2701 Corinnae
1050 2654 1154 2699 notum
1177 2640 1234 2696 Ro·
1278 2714 1281 2721 Ι

75 2737 138 2777 mae
149 2715 255 2778 fuisse:
265 2722 290 2778 si
303 2742 404 2782 uerum
413 2724 487 2783 dicit
497 2726 642 2785 Martialis
652 2727 687 2786 in
694 2726 778 2803 Epig.
789 2724 825 2784 ad
836 2720 978 2796 Regulum
991 2720 1039 2779 lib.
1050 2739 1089 2787 5.,
1100 2718 1151 2779 ubi
1166 2717 1234 2801 legi·

76 2815 121 2859 tur
130 2798 242 2858 :Norat
252 2800 393 2863 Nasonem
406 2806 468 2863 sola
477 2805 597 2864 Corinna
608 2826 688 2865 suurn
698 2830 705 2864 r
717 2814 773 2887 qua
783 2806 820 2863 in
830 2823 860 2861 re
871 2798 942 2870 falli,
955 2796 1210 2880 puto,·Martialem
1222 2840 1230 2854 .

533 2887 720 2946 corollarium
738 2885 762 2942 I
762 2885 795 2945 V.
812 2904 815 2907 ’
1009 2892 1012 2897 “

112 2960 258 3021 Litteram
280 2963 310 3021 0
327 2964 362 3023 in
383 2967 627 3047 pronunciatione
647 2966 730 3025 valde
750 2964 866 3025 affinem
887 2960 975 3023 fuisse
995 2960 1139 3020 litterae-u
1151 2978 1232 3020 voca·

73 3039 96 3098 li
116 3041 195 3121 apud
217 3044 354 3122 antiquos
373 3049 535 3111 Romanos,
548 3048 623 3107 illud
642 3045 762 3111 suadet,
782 3044 862 3127 quod
882 3060 1002 3102 testatur
1015 3040 1146 3120 Quintil.
1158 3062 1164 3096 ε
1178 3041 1232 3119 pri·

72 3139 134 3179 scos
155 3141 264 3203 nempe
284 3126 482 3208 Praeceptores
502 3127 650 3208 scripsisse
667 3126 794 3196 Saron,
816 3142 846 3184 et
878 3124 985 3183 Cervos
1013 3142 1065 3202 pro
1091 3120 1230 3188 Servum,
1262 3146 1268 3154 ¹

71 3217 100 3258 et
114 3201 248 3272 cervum,
270 3223 287 3260 o
306 3225 358 3285 pro
380 3228 397 3263 u
417 3206 571 3276 adhibita,
591 3213 623 3266 ‘et
642 3206 676 3264 N
694 3226 745 3289 pro
765 3205 819 3265 M.
831 3207 908 3263 Item
928 3204 965 3263 ab
984 3201 1114 3281 antiquis
1126 3203 1230 3260 Roma·
1273 3248 1275 3250 .

73 3283 122 3339 nis
142 3282 320 3343 scribebatur
340 3285 494 3361 Marcipor,
504 3286 642 3362 Publipor
659 3307 711 3369 pro
731 3286 828 3349 Mani
843 3304 916 3360 puer
927 3302 940 3343 .·
953 3282 1046 3356 Publii
1061 3297 1150 3358 puer,
1168 3282 1234 3361 qui·

73 3360 127 3419 bus
151 3360 248 3421 verbis
266 3365 383 3424 &rrum
404 3368 516 3437 Marci,
537 3387 567 3427 et
586 3372 704 3427 Servum
726 3368 826 3428 Publii
845 3363 1031 3431 indicabant,
1050 3379 1080 3421 et
1099 3362 1232 3421 nomina·

68 3438 161 3501 bant:
184 3463 257 3522 quae
284 3445 421 3508 voeabula
442 3465 573 3529 tempore
603 3448 789 3528 Quintiliani
816 3453 875 3525 jam
905 3444 1136 3509 interciderant,
1157 3458 1230 3499 teste

69 3522 205 3597 Quintil.
225 3520 289 3583 Illis
315 3545 412 3585 autem
440 3547 502 3587 non
525 3529 618 3589 multo
638 3547 810 3589 anscausus
830 3524 922 3585 fuerat
942 3524 1057 3599 Plinius
1077 3524 1171 3594 Major
1193 3519 1227 3577 in

66 3600 147 3663 Hist.
160 3602 282 3661 Nanln
302 3606 438 3667 columna
458 3626 578 3668 rostrata
598 3612 631 3669 C.
653 3606 763 3668 Duillii
784 3608 889 3691 legitur
908 3604 1041 3663 Nauebos
1068 3619 1120 3739 pro
1139 3600 1230 3658 Naui-

66 3684 142 3742 bus:
167 3684 287 3757 Capram
306 3706 358 3766 pro
380 3687 497 3761 Captum
512 3688 736 3750 :Macesrratos
757 3708 808 3768 pro
836 3684 1049 3765 Magistratus.
1090 3680 1227 3741 nrenitut

70 3766 164 3823 etiam
187 3766 220 3822 in
242 3766 373 3847 antiquis
395 3766 498 3827 consol
518 3790 570 3850 pro
591 3771 709 3829 Consul:
733 3770 822 3845 Colpe
843 3786 894 3849 pro
924 3762 1029 3841 Culpa:
1051 3762 1157 3821 Noeris
1177 3780 1229 3842 pro

66 3844 208 3917 Nutrix:
228 3844 347 3905 Hecuba
369 3868 421 3927 pro
442 3849 578 3909 Hecuba:
598 3852 720 3910 Praestu
739 3870 792 3931 pro
812 3839 1167 3915 PraestozHoc,et1lloc
1179 3862 1231 3923 pto
1330 3864 1331 3869 ¹

65 3924 160 4007 Huc,
181 3944 214 3987 et
232 3925 332 3988 Illuc:
351 3928 506 4006 Publicus,
528 3951 581 4015 pro
608 3932 769 3993 Publicus:
789 3931 935 4011 Quatenus
954 3956 960 3991 :
982 3949 1035 4013 pro
1061 3926 1230 4004 Quatenus:
1279 3982 1283 3991 ,
