3317 4817
49 379 171 463 =tunitii
189 395 375 459 entodtut.
396 390 514 454 otetur
533 310 1251 473 Theolbgirrnsetlhysiologiaat'contnbirri.

67 479 222 541 babuisse.
241 480 372 539 Primam
391 477 460 556 quia
486 492 530 534 tes
556 490 640 552 sopra
660 473 821 531 humanum
842 483 966 555 captum·
980 460 1087 536 tradit:
1111 480 1139 517 2.
1153 477 1221 542 quta
1245 522 1250 531 ,

73 580 119 622 res
138 561 234 621 ttulit·
248 558 468 621 inconstantiae
486 554 606 635 plenas,
624 568 655 613 et
675 548 838 611 mutationi
859 548 1026 605 obnoxras.
1124 607 1127 619 Ι
1328 567 1330 572 ·

112 720 263 781 Publicola
283 718 301 797 (
308 718 372 780 Val.
387 718 422 796 ),
441 718 466 776 l.
480 718 654 797 Btuti,post
673 729 789 775 exactos
809 711 906 772 Roma
925 724 1013 788 reges,
1034 703 1068 761 in
1081 698 1227 795 'Cprtsula-
1297 708 1300 714 '

69 819 105 861 tu
125 801 382 885 collegapopulo,
394 798 442 860 eui
462 794 550 856 fasces
569 794 759 858 submittebat
769 791 974 875 ‚gratissimu⁵‚
988 784 1068 863 unde,
1077 782 1124 841 11¹¹
1140 800 1227 865 ³3³0?

69 901 142 943 men
164 882 328 940 Publicolae
345 880 495 940 inditum.
518 877 678 937 Orationem
698 874 801 935 babuit
820 869 991 935 funebrem,
1013 885 1067 946 qua
1087 862 1226 953 collegam

72 982 180 1040 suum,
201 968 284 1038 cuim
303 959 393 1023 funus
411 959 523 1021 curarit
535 988 554 1021 ‚¹
565 958 669 1021 multia
687 954 820 1017 laudibus
841 950 1002 1013 mactavit.
1022 948 1100 1018 Haec
1125 943 1227 1037 Oratio
1243 998 1260 1027 -.·

71 1044 144 1102 adeo
165 1043 308 1102 Romanis
329 1041 453 1121 placuit,
468 1056 502 1099 ut
522 1058 620 1117 postea
640 1058 704 1098 mos
724 1032 987 1103 invaluerit,riros
1005 1044 1139 1117 strenuos
1152 1070 1160 1091 ,
1174 1043 1227 1105 qut

65 1121 133 1202 pto¹
144 1122 241 1204 repub.
254 1138 416 1205 pugnantes
434 1118 652 1189 occubuissent,
664 1119 698 1179 in
719 1117 818 1178 funere
839 1110 993 1173 laudandi.
1007 1104 1175 1164 Publicolae
1188 1101 1231 1163 fa·

71 1199 234 1263 tistfuntto
252 1206 388 1283 ingentes
406 1199 540 1261 bonores.
553 1202 683 1270 decreti,
703 1218 733 1258 et
753 1192 957 1257 babiti.1llud
977 1185 1226 1272 singularunm

73 1282 199 1362 publicis
210 1284 353 1364 expensis
372 1282 489 1347 elatum,
500 1302 600 1345 annuo
619 1282 709 1349 luctu,
721 1283 872 1343 Matronae
893 1276 980 1333 Rom.
993 1291 1060 1329 eum
1081 1268 1230 1361 decorave-

47 1377 50 1380 ’
70 1365 153 1423 rint.
173 1362 383 1444 Triumphauit
405 1362 444 1419 de
465 1362 659 1441 chentibus‚
680 1381 709 1421 et
729 1359 862 1426 Sabinis,
883 1355 1052 1436 primusque
1071 1346 1151 1412 fuit.
1172 1368 1224 1429 qut

72 1446 139 1501 sine
159 1444 296 1512 invidia,
311 1442 455 1523 quadriga
475 1461 594 1512 remus,
620 1440 802 1523 triumphum
823 1439 906 1522 egit·
1173 1446 1176 1455 “
1242 1452 1244 1455 “

112 1525 258 1584 Publicola
279 1521 295 1596 (
312 1523 435 1581 Paedius
455 1522 491 1595 ),
511 1526 642 1661 egregius
668 1526 794 1588 Orator,
815 1518 947 1579 laudatus
974 1514 1010 1573 ab
1031 1513 1102 1581 Hor.
1122 1510 1173 1567 lib.
1196 1531 1222 1568 s.

70 1602 135 1661 Sat.
151 1626 198 1661 ιο.
212 1603 370 1683 Utriusque
382 1602 557 1664 Publicolae*
946 1672 948 1675 ¹
1161 1658 1162 1665 ,
1256 1665 1258 1669 ,

113 1683 254 1751 Publius,
277 1685 366 1743 Poeta
386 1684 514 1752 Rom.,a
533 1705 593 1765 quo
613 1685 763 1746 Vaticinia
783 1680 912 1739 versibus
928 1676 1036 1757 scripta
1058 1670 1153 1741 fuere,
1174 1672 1227 1731 diu

69 1784 140 1823 cunr
160 1764 305 1843 religione
324 1784 341 1822 a
362 1764 506 1824 Romanis
526 1768 694 1827 observata.
714 1766 760 1823 Ita
780 1763 842 1823 Cic.
856 1762 892 1825 inv
909 1758 959 1815 lib.
977 1778 1002 1811 r.
1018 1756 1051 1812 dc
1067 1753 1229 1823 Divinatio·
1253 1820 1256 1827 Ι

69 1865 121 1912 nc,
143 1862 172 1902 et
193 1846 317 1923 Dionys.
341 1844 487 1904 Halicatn.
508 1850 588 1907 Haec
613 1846 752 1905 Vaticirtic
771 1840 1001 1903 interciderunt.

110 1922 262 1999 Pudens(
277 1925 491 2001 Tannonius),
514 1928 674 1988 Aemiliani
695 1923 797 1984 contra
816 1920 974 2001 Apulejutn
989 1914 1166 1983 Adi-ocatur,
1187 1912 1225 1972 de

72 2024 132 2085 quo
155 2006 297 2085 Apulejos
318 2006 352 2062 in
373 2024 423 2064 sua
443 2006 603 2086 Apologia.
1142 2018 1144 2022 ’
1256 2018 1259 2023 ’
1298 2002 1299 2006 “

108 2085 280 2143 Pudentilla
300 2087 312 2161 (
333 2084 462 2148 Aemilia
483 2088 740 2171 ),·Apuleiiuxot,
752 2086 838 2145 docta
857 2078 1004 2149 foemina,
1018 2078 1054 2137 de
1074 2096 1129 2157 qua
1149 2076 1227 2157 Apu·

68 2167 147 2242 lejus
166 2171 228 2244 ejus
249 2166 294 2223 tit
314 2166 348 2223 in
369 2167 530 2245 Apologia.
1256 2221 1260 2229 .

113 2245 238 2303 Pulcher
249 2244 272 2320 l
289 2248 406 2325 Appius
421 2251 455 2326 l.
475 2253 508 2311 Ρ.
523 2252 646 2318 Clodii.
666 2269 699 2310 ut
719 2249 863 2317 arbitror,
876 2243 959 2305 frater
972 2242 1028 2307 ‚ad
1046 2258 1134 2322 quem
1156 2256 1224 2309 tunt

69 2328 168 2408 piures
188 2328 340 2386 Ciceronis
359 2328 507 2402 Epistulae
526 2335 573 2391 lib.
587 2356 614 2403 3.
627 2334 716 2408 Epist.
730 2331 851 2397 Famil,
863 2326 896 2385 in
917 2322 1022 2407 quibus
1042 2329 1104 2401 ejus
1124 2321 1228 2382 doctri·

67 2427 110 2465 na
130 2408 282 2478 laudatur,
303 2424 333 2467 et
354 2428 388 2467 ex
409 2413 514 2491 quibus
534 2410 731 2495 intelligitur,
753 2410 846 2471 foisse
861 2410 938 2466 inter
958 2424 1042 2471 eum,
1060 2423 1090 2461 et
1110 2405 1224 2464 Cicero-

66 2508 139 2545 nem
160 2486 339 2554 simultatem
360 2491 415 2551 sed'
430 2485 549 2555 tandem
564 2496 766 2554 reconciliatos
786 2512 846 2550 sese
866 2483 1102 2550 mutuisofficiis
1122 2486 1225 2545 coluis-

65 2589 120 2627 se.
142 2568 263 2647 Scripsit
282 2569 368 2629 libros
387 2569 552 2650 Augurclct
563 2576 626 2641 ,·d'e
646 2570 758 2655 quibus
772 2574 841 2631 ride
860 2570 923 2628 Cic.
936 2567 1027 2643 Epist.
1040 2588 1066 2635 9.
1079 2567 1099 2623 l.
1116 2590 1142 2637 ³·
1158 2567 1225 2625 Plu·

66 2668 119 2707 res
135 2650 208 2707 item
229 2647 512 2726 habuit'Otationes,
532 2678 548 2717 a
569 2659 709 2717 Cicerone
727 2654 922 2733 expetitas‚et
943 2649 1044 2727 eidem.
1063 2648 1225 2726 promissas,
1261 2648 1262 2651 ’

67 2747 136 2787 non
156 2732 220 2788 sine
242 2748 346 2811 magna
365 2735 519 2797 Ciceronis
537 2739 755 2817 expectatione,
775 2732 855 2813 quod
875 2730 987 2789 indicat
1009 2728 1167 2807 plurimum
1188 2728 1223 2787 in

65 2810 199 2869 dicendo
218 2812 361 2873 saluisse.
383 2812 526 2879 Praefatae
540 2820 637 2883 Orat..
651 2836 684 2875 ut
704 2818 794 2874 etiam
805 2812 870 2869 liltc'
883 2810 1046 2883 Augurules
1055 2806 1147 2868 desid.
1160 2808 1224 2871 Suis

66 2890 273 2957 Orationibus,
291 2894 399 2972 quibus
417 2905 479 2959 teus
500 2900 673 2975 majestatis,
689 2914 718 2955 et
738 2896 865 2953 ambitus
878 2896 943 2971 post
963 2888 1090 2951 reditum
1111 2909 1146 2946 ex
1160 2908 1225 2967 pro·
1246 2916 1250 2940 ·.

66 2974 171 3029 vincia
198 2968 306 3042 faetus,
328 2997 357 3035 se
378 2975 527 3047 defendit,
549 2979 695 3039 absolutus
717 2974 881 3054 injudicio
903 2971 1010 3040 evasit,
1032 2988 1060 3028 et
1081 2972 1264 3051 ὶιιιιοιιιιιιἰ

62 3050 245 3112 declaratos.
266 3053 302 3112 Ei
323 3056 426 3118 Cic'eto
445 3054 580 3121 siccessic
593 3062 631 3118 ³in
652 3052 781 3120 Ciliciae
794 3054 1018 3138 gubernatione.
1040 3050 1119 3111 Vide
1140 3049 1227 3107 Clau·
1354 3052 1355 3055 ’

62 3133 131 3190 dius
151 3132 186 3190 in
207 3135 238 3192 C.
254 3179 263 3203 ,
282 3136 335 3196 ubi
354 3137 411 3199 alia
427 3133 467 3201 ‘de
487 3162 537 3206 eo,
1004 3177 1007 3186 -

109 3211 237 3274 Pulcher
253 3215 264 3289 (
278 3219 310 3275 L.
323 3217 464 3281 Claudius
475 3220 631 3296 §.forsitan
654 3218 850 3301 praecedentis
869 3213 952 3275 frater
973 3215 989 3292 (
1007 3236 1074 3277 nam
1096 3214 1222 3277 lucium,
1236 3256 1240 3261 -
1256 3258 1259 3266 .

60 3291 184 3355 fratrem
202 3295 244 3354 ’.4.
259 3295 378 3357 Pulcltti
397 3304 430 3360 in
450 3303 537 3363 alters
556 3324 591 3362 cr
613 3305 716 3379 Eplttt.
729 3302 790 3361 Cic.
803 3298 984 3376 meminit),
1004 3300 1117 3363 Orator,
1130 3297 1162 3353 L.
1178 3296 1223 3353 Pi·
1255 3300 1259 3344 ἲ

60 3393 170 3435 sonem
190 3376 364 3454 injuriarum
386 3382 420 3442 in
439 3385 538 3444 Socios
558 3404 637 3442 terrm
658 3385 733 3463 egit.
755 3384 833 3439 Reus
852 3378 965 3459 culpam
986 3374 1094 3441 fassus.
1109 3375 1220 3433 demis·
1299 3444 1300 3447 Ἴ
1412 3387 1418 3393 “

61 3456 153 3514 sione
171 3476 222 3515 sua
242 3461 360 3529 veniam
381 3462 569 3544 impetravit.
591 3465 636 3523 Ita
657 3464 720 3524 Val.
735 3465 814 3522 Mar.
831 3460 852 3517 l.
867 3474 928 3517 uc.
944 3482 968 3516 r.
980 3460 1028 3517 Ab
1052 3458 1125 3521 hoc,
1147 3453 1230 3512 arbi-r

58 3553 143 3604 ¹101,
164 3537 305 3618 appellata
327 3542 484 3605 Claudiana
505 3548 627 3603 tonitrua
648 3555 713 3625 post
733 3560 847 3608 scenam
860 3540 918 3608 ,de
931 3540 1035 3621 quibus
1056 3537 1158 3615 Pomp.
1171 3536 1222 3591 Fu

62 3634 131 3709 stup
145 3659 158 3709 ,ο
173 3638 203 3713 ιι.
217 3618 261 3677 cl.
283 3622 565 3687 Pulcltto'instituta
585 3629 635 3707 pet
655 3626 785 3706 lapidum
805 3626 993 3699 conjectum,
1015 3636 1120 3679 sonum
1141 3614 1218 3673 toni·
1248 3646 1254 3655 ·

59 3715 127 3757 tmt
150 3717 345 3763 imitantem.
859 3716 881 3773 ⁴,
910 3738 913 3745 ·
1031 3718 1048 3745 ·“
1132 3718 1134 3723 “
1250 3714 1261 3745 ῑ

111 3779 140 3835 S.
160 3776 312 3844 Pulcbetia
332 3786 485 3867 (Aeliu),
507 3788 655 3869 Augusta,
676 3786 735 3856 lilia
755 3784 895 3851 Arcadii,
915 3780 1009 3867 Virgo
1029 3776 1197 3841 doctissima
1211 3785 1229 3855 ,'
1245 3804 1261 3825 r·

63 3876 99 3919 et
121 3862 319 3933 sanctissima,
332 3889 411 3949 quae,
433 3871 467 3928 in
488 3870 598 3929 minori
617 3885 710 3928 aetate
729 3866 824 3927 fratris
844 3867 889 3925 sui
897 3863 1069 3935 Theodosii,
1082 3860 1217 3924 Orientis

64 3941 200 4021 impe-tio
220 3936 345 4019 feliciter
363 3947 510 4031 praefuit,
531 3968 633 4032 patruo
652 3949 842 4015 Honorioin
861 3947 1019 4011 occidenti
1039 3948 1200 4025 imperante
1212 3989 1228 4009 .,
1255 3976 1258 3982 ·

597 1606 715 1666 rationes
735 1600 826 1662 desid.
