3317 4817
478 320 536 384 11'
983 312 1038 377 CV
1629 361 1630 364 ,

438 341 661 464 desidVereor,
680 409 718 453 ne
737 389 784 452 bic
803 390 883 453 idem
905 388 944 464 sit
963 409 1029 453 cum
1051 389 1232 474 praecedenti
1254 393 1284 466 C,
1298 391 1416 454 Curione
1428 439 1435 455 .
1447 399 1515 458 Nam
1532 392 1562 455 lc·
1629 409 1630 442 1

437 480 466 542 ie
486 478 586 539 omnia
606 459 814 554 baec,¹excepto
832 492 877 542 eo,
897 469 975 552 quod
995 473 1038 550 ait
1058 471 1131 554 Cio,
1140 469 1233 554 faisse
1245 494 1328 532 unam
1349 496 1385 534 ex
1399 479 1492 550 prioris
1505 477 1562 533 Ora·

438 561 550 628 iorihus,
571 557 685 636 utrique
704 554 902 614 conveniunt.
921 549 1070 612 Sublatam
1089 553 1326 622 asarsusim,
1345 557 1371 616 si
1384 553 1470 618 illum
1489 553 1561 618 fuisse
1593 553 1630 627 ,.’

436 643 526 707 etiarn
546 637 716 707 Scribonium
736 634 851 714 dictum
870 651 1037 692 constaret.
1064 703 1072 712 „
1181 703 1185 712 ¹

399 725 403 731 ’
569 716 572 723 ’
787 722 793 732 “
823 713 1042 790 scoraliam
1067 711 1160 772 ΧΙΙῙ.
1270 784 1276 790 q

443 793 607 857 “Iunones
632 818 675 872 30.
695 815 711 855 a
731 791 860 854 Romulo
880 795 1013 853 instituti
1033 794 1125 852 initio
1138 795 1225 855 Urbis
1244 793 1562 878 fuerunt‚qui8acerdo‹

435 879 480 941 tio
500 876 674 960 fungentes,
694 871 768 934 sacra
789 866 975 956 publica'pro
985 875 1074 934 Curia
1093 879 1291 958 unusquisque
1310 898 1360 937 sua
1378 897 1522 945 curarent,
1540 893 1564 934 et

430 982 446 1022 a
467 960 610 1025 curando,
632 956 678 1014 vel
698 977 713 1015 a
734 957 832 1014 Curiis
853 955 984 1012 Curiones
1003 951 1119 1013 fuerunt
1139 957 1294 1036 appellatis
1321 959 1456 1042 Singulae
1475 958 1565 1018 Curiae

432 1060 517 1098 suum
540 1038 683 1096 Curionem
702 1033 845 1094 habebant
865 1055 882 1095 a
902 1035 992 1094 Curia
1011 1035 1157 1094 electum.
1179 1037 1242 1096 Illis
1263 1058 1386 1118 praeerat
1408 1037 1490 1096 Curio
1511 1039 1561 1096 Ma·

432 1121 553 1182 ximus,
571 1134 680 1177 creatus
699 1137 716 1174 a
736 1116 849 1195 Populo
868 1117 987 1175 curiatis
1008 1117 1170 1180 comitiis,
1192 1122 1275 1194 cujus
1298 1119 1469 1178 auctoritate
1488 1115 1563 1176 ceteri
1629 1111 1630 1130 ¹

431 1199 600 1285 regebantur
612 1242 627 1266 ,Α
640 1198 729 1254 Erant
749 1195 880 1253 Curiones
900 1193 977 1266 fere,
998 1213 1031 1254 ut
1052 1194 1271 1256 nunc'Parochi
1290 1199 1324 1256 in
1338 1197 1456 1257 urbibus
1470 1214 1514 1266 ,et
1526 1215 1566 1274 op
1629 1207 1630 1254 i

435 1279 530 1361 pidis,
543 1299 573 1337 ac
584 1279 728 1336 litteratos
740 1296 800 1334 esse
812 1296 862 1335 eos
874 1276 1039 1358 oportebat.
1055 1279 1162 1348 Locus,
1173 1277 1206 1334 in
1221 1298 1307 1358 quem
1319 1279 1528 1336 conveniebant
1536 1273 1566 1334 ad
1629 1325 1630 1346 p

433 1381 476 1421 res
497 1379 586 1418 sacras
604 1357 773 1425 tractandas,
796 1353 881 1415 Curia
901 1375 979 1415 sacro
1001 1357 1173 1416 vocabatur.
1193 1359 1282 1416 Erant
1301 1357 1390 1418 etiam
1411 1358 1488 1437 apud
1506 1373 1568 1412 vete·
1629 1355 1630 1358 ’

434 1460 477 1498 res
497 1439 648 1498 Romanos
667 1441 701 1494 in
721 1437 842 1516 oppidis
866 1436 987 1496 Parochi
1008 1481 1016 1492 .
1037 1440 1145 1497 Verum
1166 1435 1198 1496 lri
1218 1437 1380 1497 Sacerdotes
1401 1457 1462 1495 non
1482 1451 1566 1504 erant,

437 1539 490 1579 nec
510 1537 585 1578 sacra
604 1516 755 1584 curabant,
767 1517 818 1576 sed
830 1517 1049 1599 Magistratibus
1067 1518 1104 1576 ad
1124 1537 1187 1579 suas
1207 1518 1380 1598 provincias,
1392 1517 1439 1576 vel
1450 1517 1507 1576 alio
1516 1535 1568 1594 pro·

437 1596 632 1659 ficisce'ntibus
652 1642 659 1665 ,
681 1615 710 1655 et
732 1617 779 1678 per
800 1599 909 1678 oppida
927 1597 1158 1668 transeuntibus,
1180 1599 1336 1657 necessaria
1355 1597 1391 1656 ad
1412 1597 1521 1656 victum
1539 1613 1568 1652 ex

435 1679 553 1760 publico
573 1676 764 1758 praebebant.
786 1679 889 1739 Cicero
909 1679 1066 1762 gloriatur,
1088 1698 1117 1738 se
1137 1698 1185 1758 per
1199 1699 1278 1736 suam
1300 1678 1492 1758 provinciam,
1511 1695 1567 1734 cum
1629 1675 1630 1688 l

436 1759 558 1820 Ciliciae
578 1753 740 1817 Praefectus
759 1776 848 1835 essct,
870 1762 924 1834 iter
945 1755 1193 1826 facientem‚sine
1213 1759 1275 1817 ullo
1295 1755 1466 1838 populorum
1488 1775 1570 1837 grara-

434 1833 517 1900 lnine
528 1885 536 1908 ,
549 1839 734 1898 Provinciam
756 1829 912 1922 paea‘grasse
925 1863 933 1896 ·.
952 1839 1030 1918 quod
1050 1838 1193 1922 singulare
1205 1840 1237 1896 in
1252 1837 1372 1896 homine
1385 1831 1513 1895 Etbnico
1526 1880 1532 1903 ,
1546 1848 1569 1890 et

435 1920 571 1979 Romano
593 1918 802 1977 moderationis
822 1919 986 1998 exemplum
1009 1915 1083 1976 mihi
1097 1919 1225 1990 videtur:
1240 1919 1269 1976 Si
1284 1919 1456 1976 Ciceronem
1470 1918 1501 1974 in
1519 1933 1571 1971 non

434 1999 587 2085 gravandis
608 1998 723 2078 populis
743 1999 856 2056 imitati
877 1997 999 2058 fuissent
1010 1998 1213 2068 Proconsules,
1227 2016 1257 2056 et
1277 2001 1422 2057 Praetores
1436 2041 1443 2064 ,
1457 1997 1506 2076 qui
1519 2013 1571 2074 pro·

435 2081 544 2138 vinciis
565 2094 725 2158 praeerant,
746 2096 807 2136 non
828 2080 869 2137 ita
890 2077 1051 2158 frequenter
1071 2073 1193 2138 fuissent
1213 2079 1246 2137 de
1265 2077 1437 2154 Repetundis
1458 2093 1521 2158 post
1539 2093 1572 2132 re·

438 2159 535 2218 ditum
557 2157 716 2236 postulati.
741 2159 818 2216 Vide
841 2159 984 2220 Gracchus
1006 2161 1039 2217 in
1061 2157 1098 2216 G,

478 2239 577 2296 Curius
597 2235 775 2312 (Manlius)
788 2283 795 2307 ,
808 2240 959 2297 Ciceronis
979 2240 1089 2298 amicus
1110 2237 1269 2306 urbaniss,
1293 2253 1322 2295 et
1343 2236 1462 2308 doctus,
1483 2255 1514 2295 ur
1536 2233 1574 2292 in-

400 2343 402 2348 ’
435 2318 564 2400 telligcre
584 2317 653 2375 licet
673 2337 707 2373 ex
728 2316 994 2390 Episr.'Ciceronis
1013 2319 1049 2378 ad
1070 2317 1181 2400 ipsum,
1196 2337 1226 2376 et
1245 2318 1326 2377 illius
1347 2319 1383 2376 ad
1403 2318 1489 2384 cie,
1512 2332 1575 2394 quae

436 2395 578 2461 habentur
598 2396 645 2453 lib.
662 2417 687 2463 7.
701 2395 882 2470 EpistFom.
1154 2447 1157 2452 ,

480 2477 580 2534 Curius
599 2476 702 2552 (M),
724 2476 841 2550 Sapiens
870 2499 886 2538 a
907 2479 1006 2560 priscis
1033 2475 1119 2538 Rom.
1141 2475 1348 2554 judicabatur,
1369 2496 1443 2537 teste
1464 2476 1526 2538 Cic.
1546 2471 1576 2530 de

436 2555 592 2616 Amicitia.
614 2556 661 2614 Ad
682 2577 748 2619 eum
770 2578 842 2638 puto
864 2560 991 2638 allusisse
1012 2559 1199 2626 iuvenalem,
1220 2578 1286 2616 cum
1307 2579 1355 2618 eos
1376 2575 1484 2618 notat:

595 2637 653 2718 Qui
674 2636 771 2698 Curios
791 2641 943 2704 simulant,
965 2655 990 2696 et
1011 2639 1192 2697 bacchanalia
1212 2640 1328 2696 vivunt.
1629 2703 1630 2708 Ἰ

443 2723 447 2726 ’
478 2718 591 2776 Curtius
611 2717 705 2796 (Q),
726 2717 823 2794 Rufus
848 2721 1093 2803 cognominatus,
1115 2718 1257 2780 interut
1288 2715 1429 2776 Rhetmes
1452 2739 1468 2776 a
1489 2719 1578 2776 Sueto

437 2800 491 2860 nio
510 2800 665 2857 recensitus
684 2819 749 2882 post
763 2803 844 2860 Porc.
866 2803 1019 2859 Latronem
1041 2803 1074 2858 in
1094 2795 1193 2882 fragm.
1215 2801 1248 2856 de
1270 2793 1313 2855 cl.
1334 2797 1418 2858 Rbet.
1441 2796 1521 2858 Nota
1542 2811 1579 2852 est
1629 2797 1630 2862 l

435 2882 496 2958 {lus
517 2878 593 2936 Hirr.
608 2878 747 2938 deGestis
768 2881 926 2938 Alexandri
947 2878 994 2941 M.
1014 2881 1056 2938 Ex
1077 2901 1108 2938 ea
1130 2897 1227 2936 tamen
1249 2877 1297 2934 lib.
1320 2899 1344 2936 ι.
1367 2895 1392 2934 er
1414 2897 1506 2943 2.‚ac
1527 2874 1581 2934 ini·

437 2963 513 3020 tium
538 2967 563 3016 6.
584 2959 675 3017 desid.
699 2964 781 3040 Opus
802 2961 881 3032 istud
903 2961 955 3018 diu
976 2961 1086 3028 latuit,
1108 2958 1187 3038 quod
1208 2957 1301 3016 multo
1324 2976 1388 3036 post
1410 2959 1579 3019 instauratas

437 3039 547 3096 litteras
566 3058 633 3096 casu
655 3040 811 3117 inventum
834 3034 906 3108 fuit,
917 3040 966 3098 sed
989 3061 1139 3098 mancum.
1161 3037 1253 3096 Valde
1273 3036 1439 3097 dubitatum
1464 3037 1581 3104 luit‚an
1629 3033 1630 3046 ¹

437 3122 519 3196 Opus
539 3117 618 3176 istud
638 3126 710 3190 'essct
730 3121 845 3200 antiqui
866 3116 1037 3200 scriptoris,
1066 3125 1144 3193 cuius
1167 3137 1276 3178 nomen
1297 3113 1471 3197 praeferebat
1491 3143 1498 3177 ·.
1519 3133 1579 3175 cum
1629 3173 1630 3194 p

439 3190 542 3266 Curtii,
564 3217 593 3256 et
614 3194 714 3288 multo}
728 3200 933 3281 mitiushuius
954 3199 1182 3263 Historioe‚vix
1205 3199 1279 3274 ullus
1299 3217 1334 3256 ex
1355 3201 1488 3278 antiquis
1511 3214 1581 3254 men·
1629 3195 1630 3242 l

437 3278 551 3341 tionem
572 3277 671 3339 fecerit
685 3327 692 3350 ,
707 3299 739 3339 ut
761 3281 899 3340 nonnulli
921 3293 954 3338 ert
970 3282 1088 3340 Cr'iticis
1110 3276 1305 3338 dictitabant.
1327 3277 1435 3336 Verum
1455 3279 1580 3337 Curtium

436 3357 544 3435 Rufum
565 3368 709 3420 memorat
725 3359 845 3420 Tacitus
866 3361 912 3418 lib.
936 3383 980 3424 rr,
1002 3359 1077 3417 Ana.
1099 3359 1178 3440 plura
1200 3358 1235 3426 de
1256 3377 1290 3416 eo
1312 3377 1451 3420 narrans.
1482 3355 1583 3418 Memi·
1629 3381 1630 3404 1

438 3457 543 3519 nerunt
565 3444 654 3500 etiam
671 3445 769 3508 Suet,
789 3460 818 3500 et
840 3443 916 3500 Plin'.
938 3441 1103 3512 Caecilius,
1124 3439 1192 3496 licet
1215 3438 1251 3495 de
1278 3441 1338 3514 ejus
1361 3437 1439 3496 Hirr.
1462 3440 1581 3498 sileant.

436 3519 590 3582 consulare
611 3521 711 3581 habuit
733 3524 954 3601 imperium,et'
971 3517 1113 3600 triumphi
1134 3517 1300 3600 insignibus
1321 3536 1440 3577 ornatus
1464 3516 1524 3578 fuit
1537 3514 1585 3575 sub
1629 3517 1630 3594 l

436 3591 788 3674 Claudioualdesenex
809 3603 887 3660 obiit
908 3605 942 3660 in
962 3598 1078 3667 Africa,
1092 3619 1175 3680 quam
1198 3597 1387 3679 gubernabat.
1404 3599 1476 3674 Ejus
1501 3601 1584 3661 vitae,
1629 3617 1630 3672 ι

436 3679 615 3759 et'fortrinae
636 3702 731 3740 cursus
752 3683 972 3766 praenunciatus
994 3682 1021 3737 ei
1043 3677 1135 3744 fuit'a
1156 3679 1260 3758 Figura
1281 3677 1407 3756 quadam
1430 3676 1589 3758 phantasti·
1629 3675 1630 3738 l

435 3765 467 3820 c‘a
488 3760 635 3820 muliebris
656 3760 784 3829 formae,
806 3784 876 3841 quae
898 3784 926 3820 se
947 3759 1075 3838 Africam
1102 3757 1242 3832 vocabat..
1265 3759 1386 3818 Vossius
1407 3757 1584 3822 contendit,
1629 3769 1630 3838 l

435 3841 487 3900 sub
508 3843 701 3922 Vespasiano,
723 3862 782 3900 non
804 3844 857 3900 sub·
878 3841 1027 3904 Hadriano
1048 3839 1203 3896 Historiam
1224 3833 1513 3920 'texuissemiusque
1535 3855 1588 3913 scy-

436 3921 556 3985 lum‚ut
577 3920 702 4004 Augusti
724 3943 794 3981 aero
817 3923 950 4008 dignum,
973 3921 1091 3981 laudat.
1112 3920 1141 3978 Si
1162 3919 1205 3976 ita
1217 3935 1259 4008 est
1272 3931 1284 3989 ¹,
1296 3936 1412 4004 oportet
1433 3940 1505 3980 eum
1527 3917 1587 3977 diu·
1629 3949 1630 4018 }

1629 4021 1630 4054 l
