3317 4817
1010 189 1033 226 ‚l

78 420 182 508 Rufus
203 421 341 487 libellum
361 420 399 487 de
420 424 592 506 Regionibus
613 431 687 488 urbis
714 428 844 497 Romae,
865 444 952 511 quem
974 422 1118 488 Onufrius
1139 363 1248 487 Pedai-

19 560 23 567 .
79 515 149 570 nius
169 511 229 569 suis
252 510 377 569 inseruit
396 509 432 570 de
453 511 562 585 Rapui.
576 509 659 571 Rom.
681 510 911 569 Commentariis.
935 512 1005 569 Post
1027 527 1074 567 tot
1087 509 1246 588 Scriptores

78 592 134 653 sub
155 588 224 671 Rufi
245 610 368 651 nomine
389 592 766 668 memoratosdissimulare
789 610 849 649 non
865 611 993 672 possum,
1007 590 1085 651 narie
1105 592 1248 670 scriptum

79 692 182 732 eorum
206 691 314 731 nornen
334 672 582 737 inveniriSunt
601 672 747 754 namque,
768 674 819 753 qui
843 692 891 752 per
911 675 1093 753 geminatum
1113 670 1160 727 F:
1177 684 1248 728 sunt

80 754 133 835 qui
154 772 203 833 pet
224 754 389 833 simplicem
411 754 526 825 edants
534 756 608 836 quin
628 756 729 815 rescire
750 754 914 835 possimus,
935 771 993 834 quo
1008 762 1101 831 pacto
1114 749 1246 809 Romani
1313 767 1327 789 t

80 834 199 914 antiopri
219 834 294 895 illud
315 836 471 897 scriberent
488 884 500 906 ,
516 857 583 896 cum
603 853 797 896 consonantes
819 838 876 911 jum
898 835 1106 919 geminabant.
1128 834 1166 891 In
1178 829 1252 889 mul·

82 918 122 975 tis
144 916 209 973 aliis
230 916 403 977 nominibus
424 918 518 979 simili
538 918 549 975 i
566 918 708 977 notantia
729 914 905 983 laboramus,

125 995 265 1075 Rullus(
287 1000 318 1057 P.
333 998 433 1058 Servil.
443 1004 480 1077 y,
498 938 583 1061 Trih.
597 998 656 1078 pl..
679 1014 707 1056 er
728 1000 858 1061 Orator,
877 998 929 1077 qui
949 994 1087 1079 rogarit,
1107 1009 1138 1054 et
1158 991 1261 1052 suasit-

82 1077 194 1157 populo
216 1080 302 1139 Rom.
318 1079 411 1163 legem
433 1081 582 1163 agrariam,
604 1097 802 1161 contraquam
825 1079 921 1137 oravit
933 1078 1039 1137 Cie.in
1050 1078 1172 1138 Senatu,
1183 1093 1252 1135 cum

81 1175 158 1216 esset
178 1158 312 1225 consul.
331 1182 360 1220 ec
382 1161 574 1241 impetrarit,
597 1180 630 1221 ur
651 1180 682 1219 ea
704 1160 758 1229 lex,
771 1156 895 1218 Servilia
915 1158 1011 1225 dicta,
1027 1176 1087 1238 ‘qua
1107 1159 1170 1233 ejus
1191 1156 1253 1213 Au·

81 1256 179 1297 ctores
199 1240 274 1300 clam
295 1242 482 1321 tyrannidem
504 1240 721 1309 moliebantur,
743 1239 942 1321 abrogaretur.
1304 1238 1311 1248 “

125 1320 316 1392 Rusticiana,
328 1320 493 1403 Symmachi
508 1343 590 1393 uxor,
611 1319 741 1401 loernina
757 1322 890 1382 erudita.
899 1322 944 1384 Ita
956 1319 1096 1381 Sidonius
1106 1319 1141 1378 in
1152 1316 1249 1393 Epist-¹

29 1429 31 1433 s
85 1397 124 1457 ad
149 1402 344 1483 Hesperium.

124 1480 264 1541 Rusticus
285 1483 301 1557 (
319 1486 386 1546 Fab.
398 1484 430 1562 ),
452 1487 558 1547 citatur
578 1506 594 1545 a
613 1488 682 1545 Tac.
696 1485 717 1543 1.
731 1507 758 1553 3·
772 1481 872 1558 Aua..
893 1483 945 1545 ubi
965 1483 1102 1547 indicat,
1121 1480 1252 1542 Histori-

81 1580 151 1621 cum
172 1583 268 1624 rerum
289 1570 341 1632 aab
362 1568 478 1626 Nerone
499 1579 665 1647 guttatim,
687 1582 716 1623 et
737 1568 858 1625 Senecae
888 1568 1016 1624 amicum
1045 1561 1154 1622 fuisse.
1176 1565 1248 1622 Lau-

84 1642 137 1701 dat
157 1645 301 1705 Tac.illic
329 1652 391 1723 ejus
410 1648 539 1725 stylum,
561 1664 594 1705 ut
618 1646 707 1723 etiam
729 1647 762 1703 in
790 1644 856 1703 Vita
886 1645 1062 1721 Agricolae,
1084 1642 1134 1702 ubi
1163 1657 1248 1701 uocat

82 1724 230 1790 Livium,
251 1740 402 1792 veterum:
424 1726 543 1785 Fabium
565 1742 662 1787 autem
684 1726 833 1783 Rusticum
850 1764 858 1790 ,
877 1725 1040 1785 recentium
1064 1722 1250 1804 eloquentiae.

87 1806 269 1885 scriptores.
295 1809 364 1885 Ejus
391 1808 459 1866 00:
469 1808 561 1870 desid.
976 1827 981 1835 ’

132 1885 269 1945 Rusticus
290 1890 302 1964 (
322 1890 390 1948 June
403 1888 435 1965 ),
457 1888 557 1958 Phil..
578 1904 608 1947 et
622 1882 757 1971 magistet
776 1889 820 1947 M.
843 1888 913 1949 Aur.
935 1884 1023 1953 Phil,
1042 1888 1130 1961 Rom.
1151 1888 1228 1964 Imp.
1245 1887 1258 1954 ,'

83 1966 136 2025 cui
157 1968 229 2026 adeo
248 1990 328 2029 carus
346 1982 426 2040 erat,
448 1987 481 2029 ut
501 1990 568 2029 eum
599 1968 712 2049 publice
737 1969 933 2029 oscularetur.
955 1969 1026 2028 Fuit
1045 1970 1134 2036 Coa,
1156 1986 1186 2025 et
1205 1967 1249 2025 M.

81 2047 202 2186 pluralii
230 2054 329 2126 jussu,
351 2052 403 2132 qui
430 2053 492 2129 ejus
513 2053 660 2112 meminit
681 2051 715 2109 in
736 2052 796 2111 suis
817 2051 958 2132 scriptis,
977 2065 1071 2111 statua
1091 2049 1120 2108 ei
1141 2048 1254 2107 Romae

98 2146 146 2187 uit
175 2150 287 2191 erecta.
345 2163 348 2174 ·
653 2143 657 2156 ¹

125 2210 285 2280 Rusticus,
306 2232 393 2293 quem
421 2214 500 2287 Suet:
512 2212 626 2271 Iunium
647 2228 760 2277 uocat.
772 2211 871 2274 laudes
893 2212 977 2272 Paeti
996 2214 1137 2279 Tractat,
1156 2226 1186 2270 et
1205 2206 1254 2268 El-

87 2288 178 2349 vidii‘
199 2292 291 2352 Prisci
313 2293 363 2353 tul
383 2294 461 2364 avit,
482 2313 531 2352 eos
551 2294 697 2374 appellans
718 2294 796 2353 siros
815 2295 973 2363 sanctiss,
994 2293 1034 2352 ob
1056 2291 1135 2375 quod
1156 2313 1172 2350 a
1193 2293 1256 2350 Do-

55 2368 65 2383 ’
85 2373 218 2431 mitiano
237 2375 349 2433 occisus
364 2315 580 2449 l'uittethujus
592 2372 661 2433 facti
680 2376 831 2433 occasione
853 2376 1046 2435 Domitianus
1066 2392 1171 2432 omnes
1184 2370 1260 2439 Phi·

84 2451 154 2509 loss.
166 2472 201 2510 ex
223 2453 346 2523 urbe,et
368 2454 454 2515 ltalia
475 2454 576 2534 ejecit.
589 2456 635 2513 Ita
654 2456 731 2515 Suet.
745 2456 780 2513 in
807 2454 873 2515 Vita
888 2455 1066 2514 Domitiani.
1085 2454 1165 2513 Vide
1177 2453 1259 2511 Plin.

88 2534 176 2593 Caec.
194 2534 215 2590 1.
231 2554 257 2591 r.
271 2534 326 2609 Ep.
339 2556 388 2606 s.,
408 2553 437 2595 ct
460 2556 505 2607 14.
526 2536 660 2594 Forsitan
682 2532 729 2594 hic
750 2536 830 2595 idem
852 2556 895 2597 est
914 2558 981 2597 cum
1003 2535 1094 2594 Fabia
1115 2534 1253 2602 Rustico,

86 2630 118 2672 et
140 2613 385 2697 typographorum
404 2635 509 2685 errore,
530 2615 564 2674 in
585 2619 661 2679 Suet.
676 2615 786 2686 Iunius,
801 2618 835 2675 in
845 2619 951 2678 Tacito
962 2616 1070 2675 Fabius
1090 2611 1139 2674 bic
1159 2613 1256 2697 appal-

86 2694 238 2753 latur.De
259 2716 310 2766 eo,
325 2714 359 2757 ut
379 2696 491 2757 delecto
512 2715 528 2756 a
547 2698 669 2768 Tiberio
689 2697 725 2777 ad
746 2695 1041 2777 componendaActa
1060 2695 1193 2760 Senatus,
1212 2694 1253 2753 lo·

86 2775 141 2857 'qui
164 2774 282 2836 videtur
301 2780 369 2837 Tac.
382 2780 404 2837 l.
422 2800 449 2841 s.
466 2774 541 2835 Ana.
560 2778 630 2855 Ejus
651 2778 717 2837 ΟΟ.
743 2778 979 2839 interciderunt.
1000 2777 1173 2838 Calderinus
1193 2794 1260 2833 me-

87 2857 185 2915 minit
204 2858 354 2933 cujusdam
375 2858 464 2919 Marii
475 2860 607 2924 Rustici,
629 2854 709 2939 cujus
723 2860 834 2940 Scripta
848 2858 994 2920 challit
1013 2878 1043 2919 se
1062 2856 1195 2917 attulisse
1215 2872 1256 2915 te·

86 2952 200 2996 statur.
221 2940 332 2999 Verum
355 2936 424 3001 haec
446 2940 557 3019 scripta
576 2937 669 2999 adhuc
693 2940 805 2999 latent.

129 3018 262 3080 nustria
283 3022 295 3098 (
315 3020 384 3097 P),
405 3023 461 3079 Vir
480 3020 617 3089 doctiss,
639 3039 668 3079 et
689 3021 892 3092 innocentius,
907 3024 1013 3083 Cottae
1031 3018 1209 3088 auunculus,
1223 3032 1253 3077 et
1320 3033 1322 3037 ·

85 3098 196 3159 exsul.
216 3100 262 3159 De
282 3122 318 3161 eo
338 3101 401 3162 Cic.
415 3100 463 3185 lib.
474 3124 500 3170 3·
521 3102 554 3159 de
574 3099 645 3161 Nat.
660 3098 788 3159 Deorum
809 3122 898 3183 prope
919 3102 1029 3165 finem.
1050 3106 1138 3163 Hunc
1160 3101 1254 3182 patria

86 3179 210 3262 pulsum
231 3176 320 3255 luisse
339 3200 426 3261 opera
447 3183 549 3264 Apicii
569 3183 729 3257 cuiusdam,
751 3203 797 3243 an.
812 3181 897 3246 UJC.
911 3194 976 3259 560,
989 3202 1110 3245 testatur
1122 3179 1258 3241 Posside·

85 3263 160 3321 nius
183 3260 259 3341 apud
280 3260 485 3329 Athenaeum.
506 3264 576 3323 Non
597 3264 701 3346 liquet,
714 3284 751 3323 an
771 3266 797 3324 is
818 3262 906 3326 fuerit
925 3261 1261 3341 P.Rutilius,Trib.pl.,

84 3342 143 3423 qui
163 3342 233 3401 Tib.
250 3340 382 3405 Graccho
396 3364 442 3415 ,et
462 3346 496 3405 C.
509 3345 634 3405 Claudio
657 3344 866 3427 perduellionis
886 3346 923 3407 ad
944 3341 1084 3428 populum
1113 3345 1193 3403 diem
1214 3343 1258 3401 di·
1326 3396 1336 3408 .

86 3425 156 3485 xit.
179 3420 196 3496 (
213 3425 291 3485 Vide
302 3424 367 3485 Val.
380 3429 424 3487 M.
436 3426 484 3485 lib.
496 3434 522 3487 ό.
531 3447 554 3486 c.
568 3430 618 3509 s.)
629 3474 636 3489 .
646 3428 703 3487 Rei
724 3426 851 3487 absoluti
872 3449 888 3487 a
910 3429 1018 3509 populo
1040 3424 1177 3487 fumant.

131 3502 264 3565 Rutilius
284 3506 297 3585 (
317 3506 464 3569 Geminus
481 3510 515 3587 ).
537 3508 626 3569 Poeta
646 3510 731 3590 Trag.
755 3510 824 3583 Ejus
853 3507 1012 3584 Astyanax
1030 3510 1136 3567 citatur
1156 3519 1176 3565 a·
1192 3502 1259 3572 Ful·

83 3585 231 3672 gentium
244 3608 303 3670 quo
317 3604 515 3650 memorantur
527 3592 615 3652 etiarn
637 3595 698 3667 eius
718 3590 782 3647 libri
793 3589 973 3668 Portiyicales
983 3611 990 3645 ι
1001 3608 1072 3683 quae
1085 3586 1151 3643 00.
1163 3583 1257 3643 desid.

133 3666 283 3735 Rutilius,
297 3669 410 3731 ¹citauit
430 3691 445 3730 a
466 3669 616 3731 Macrobio
637 3668 947 3738 1.1.Sarum.'c.1a.‚
969 3670 1020 3729 ubi
1040 3669 1077 3727 de
1096 3666 1270 3735 Numiinis,⁸

84 3749 311 3843 eirca-quarum
330 3750 555 3814 institutionem
575 3748 658 3813 affert
678 3752 854 3835 opinionem
880 3750 985 3810 Rutilii
1004 3752 1068 3811 sine
1089 3767 1159 3809 nota
1179 3765 1258 3828 prae·

84 3833 253 3891 nominis.
580 3848 584 3853 ·
848 3835 851 3842 ’

136 3910 287 3976 Rutilius.
308 3914 386 3979 Vide
406 3914 503 3992 Lupus
523 3914 557 3974 in
580 3913 635 3984 L,
657 3912 708 3975 ubi
729 3915 765 3975 de
785 3912 821 3973 P.
844 3913 956 3973 Rutilio
978 3914 1057 3987 lupo
1077 3913 1174 3993 plura:
1195 3909 1262 3991 qui·

83 3992 148 4057 bus
167 3995 263 4068 adde,
284 3997 458 4060 Ciceronem
478 3996 649 4060 meminisse
669 3996 707 4057 de
725 3996 761 4057 P.
775 3995 890 4059 Rutilio
910 3996 1007 4076 lupa,
1019 3996 1185 4059 Tribunatu
1197 3991 1259 4074 ple·

1195 4139 1225 4156 N„
