3317 4817
475 368 492 416 r
516 363 536 416 t
920 396 922 400 .
988 343 1050 409 co
1090 393 1093 401 r
1235 411 1238 417 ,
1495 367 1500 389 2

384 457 390 461 ·
430 379 533 496 tibrim
552 429 734 514 edidit‚quo
751 423 844 512 patris
855 423 1067 495 ‘insanierunt
1077 421 1295 508 impudentiam
1308 422 1578 512 nongintollit
1634 469 1635 472 =

428 511 529 575 au'tern
542 513 592 574 hic
605 534 651 580 ara
662 534 707 575 rr.
719 510 838 571 aetatis.
856 509 992 571 For-sitan
1006 509 1097 589 patris
1106 511 1192 589 Opus
1204 509 1257 568 sub
1269 507 1324 570 filii
1335 514 1458 572 nomine
1477 510 1577 568 editum

429 595 533 657 abillo
546 591 613 658 fuit,
626 612 659 653 ut
672 591 799 654 filiosuo
809 590 962 649 doctrinae
975 585 1082 648 fartam
1092 589 1279 648 conciliaret.
1291 590 1478 652 elemnlsr.
1489 589 1578 652 irrora.
1634 591 1635 614 ³

426 677 450 734 1.
462 697 489 744 3·
502 673 635 738 affirmat,
643 667 933 754 Epiphani'mortuo
954 665 1212 752 magnoshonorrs
1223 668 1342 732 habitus
1362 691 1377 730 a
1397 669 1510 732 civibus
1527 669 1579 728 suis
1634 691 1635 752 ἰ

428 754 629 822 Samensibus,
642 754 797 833 eidemque
816 751 1017 832 templum,et
1037 751 1189 830 Musaeum
1209 750 1423 813 armarant
1443 755 1505 829 ejas
1522 751 1581 808 Car-
1634 753 1635 844 l

426 854 527 924 poetas
547 833 636 898 libros
663 830 805 893 nefandos
825 831 979 914 vulgavit,
998 831 1078 890 inter
1093 849 1166 912 quos
1185 832 1234 890 lis.
1255 831 1386 891 nonar.
1408 831 1579 894 Zoroastris.

428 915 577 984 Gnostici,
596 912 666 975 slve¹
688 913 900 988 carpocratiani
920 913 1047 972 Romam
1068 913 1116 970 sui
1133 913 1236 971 erroris
1256 929 1337 992 peste
1355 908 1521 975 infecerunt
1538 928 1580 992 pel
1634 915 1635 980 l

426 996 605 1062 Marcellam,
625 1010 760 1062 astutam,
772 1009 802 1050 et
823 993 940 1052 doctam
962 989 1133 1056 suminam,
1150 991 1206 1055 sub
1223 992 1389 1052 saiano
1408 991 1579 1074 Papa.Vidt
1634 993 1635 1012 ³

428 1076 463 1134 in
484 1077 563 1137 Hist.
577 1075 720 1135 Erchalia
739 1074 777 1133 de
797 1073 1000 1140 Gnosticis,et
1018 1073 1056 1129 de
1075 1071 1197 1144 occultis
1215 1073 1325 1154 signis,
1345 1073 1452 1152 quibus
1472 1092 1503 1134 te
1517 1069 1581 1135 huis
1634 1103 1635 1164 p

426 1158 525 1214 Sectae
553 1155 665 1214 addicti
696 1152 918 1236 agnoscebant,
940 1153 1188 1233 quemadmodum
1217 1171 1296 1212 nunc
1319 1152 1390 1223 illi,
1416 1157 1472 1236 qui
1499 1150 1582 1214 biberi
1625 1167 1635 1210 ,l

423 1234 571 1298 Maratori
589 1235 626 1298 ab
645 1235 729 1297 Italis
747 1233 952 1317 appellantur,
975 1254 991 1292 a
1011 1233 1107 1292 Gallis
1126 1233 1367 1310 franc-Masona.
1548 1270 1551 1280 ·

423 1402 441 1465 ᾗ
467 1387 654 1465 caranisas
666 1396 704 1454 R.
714 1397 821 1476 Impar.
837 1393 872 1452 ih
891 1409 1040 1455 senectute
1060 1389 1173 1462 factus,
1194 1390 1254 1455 fuit
1272 1393 1403 1464 Orator,
1423 1408 1454 1454 ct
1476 1393 1580 1456 Porta.¹
1634 1355 1635 1434 h

423 1475 546 1537 Juvenis
566 1475 661 1536 edidit
680 1475 786 1534 Poena
806 1477 840 1533 de
866 1473 932 1532 Vita
953 1474 1091 1534 Antonini
1111 1473 1175 1538 Pii,
1187 1475 1268 1556 quod
1288 1493 1351 1532 non
1369 1474 1537 1546 erraturi
1549 1475 1582 1532 lt·

425 1574 490 1638 tet.
511 1559 631 1620 Occisus
651 1553 710 1614 luit
729 1562 796 1618 ium
818 1553 881 1614 lilio
900 1575 916 1615 a
935 1555 1100 1618 Maximini
1119 1555 1193 1614 duce
1214 1574 1263 1615 an.
1281 1553 1394 1615 Christi
1416 1575 1486 1632 237.
1499 1550 1582 1636 impt-

427 1640 507 1700 tavit
526 1659 575 1701 an.
593 1657 703 1699 unum.

470 1719 778 1787 Gordianar,Caestt‚
789 1714 986 1798 pramedentir
1006 1711 1094 1782 filias,
1115 1711 1174 1774 fuit
1192 1714 1283 1774 etiam
1303 1713 1468 1784 litaturus,
1489 1729 1518 1773 tt
1543 1731 1584 1776 ot·

425 1798 506 1859 cirus
525 1819 591 1861 cum
634 1814 705 1868 atre,
718 1816 765 1857 an.
778 1798 880 1858 aetatis
901 1806 948 1872 46.
965 1817 982 1856 a
1002 1795 1400 1880 capellanio‚Mauritaniae
1418 1793 1583 1878 gubernato·

425 1898 474 1945 re.
494 1881 573 1940 Vide
627 1879 772 1936 eradicarius
790 1880 825 1939 ¹in
848 1877 887 1935 H.

466 1961 493 2021 S.
505 1961 687 2027 Gordianus,
709 1958 944 2026 Iurisconsultus,
966 1972 996 2015 et
1014 1955 1107 2017 iudex
1128 1955 1182 2015 sub
1199 1953 1319 2018 Juliano
1332 1955 1485 2036 Apostata
1507 1949 1583 2014 Chri·

418 2040 614 2101 ‘arianismum
635 2039 785 2120 amplexus
806 2059 874 2099 curn
896 2055 1004 2106 uxore,
1024 2053 1056 2096 et
1081 2037 1205 2113 53.aliis
1225 2055 1260 2096 ex
1282 2035 1381 2096 cadem
1403 2033 1582 2096 familia.ll

424 2120 564 2182 Januario·
583 2119 750 2198 Presbytero
778 2119 897 2180 edoctus
925 2115 1037 2182 Christi
1069 2118 1268 2200 religionem,
1287 2118 1399 2179 Romae
1423 2114 1583 2196 baptizatus

424 2195 501 2268 fuit,
521 2217 552 2257 et
570 2201 709 2277 Martyrii
729 2201 820 2259 laurea
841 2199 1019 2282 insignitus.
1035 2197 1118 2258 Vide
1132 2197 1211 2259 Hist.
1224 2198 1301 2259 Eccl.
1314 2200 1384 2276 Ejus
1401 2214 1584 2258 commemo·

424 2280 502 2339 tatio
524 2281 556 2337 in
578 2280 652 2340 Eccl.
666 2278 700 2339 fit
720 2280 769 2337 die
792 2282 948 2358 rolllaji.
1416 2325 1418 2330 ,

464 2359 603 2437 Gorgias,
617 2358 727 2420 Rhetor
739 2361 893 2442 ,magister
913 2357 1016 2428 Marci,
1035 2357 1188 2421 Ciceronis
1205 2355 1273 2429 filii,
1286 2355 1414 2421 Athenis
1433 2355 1584 2439 degentis»

425 2449 443 2500 ‘a
463 2456 538 2520 quo,
559 2445 638 2517 jussu
659 2441 768 2526 patris,
786 2441 836 2500 cui
857 2459 956 2524 parurn
979 2440 1174 2522 probabantur
1196 2441 1321 2517 Gorgiae
1349 2457 1465 2507 moras,
1487 2438 1585 2496 dimit·
1634 2471 1635 2510 3

423 2540 472 2582 sus
491 2517 658 2584 fuit.V.idt
679 2521 771 2599 Epist.
779 2521 931 2581 Ciceronis
940 2519 996 2581 filii
1016 2521 1053 2579 ad
1072 2523 1214 2580 'lironem
1227 2537 1375 2601 postremo
1388 2517 1466 2581 libro
1481 2519 1584 2594 Epistt.
1634 2511 1635 2568 l

418 2598 627 2682 familiarium.
647 2602 768 2682 Scripsit
782 2601 922 2677 'Gorgias
946 2601 983 2660 de
1000 2599 1196 2661 Schematibar
1217 2643 1225 2669 ,
1245 2620 1295 2660 seu
1316 2599 1431 2680 Figuris
1452 2597 1586 2658 Rhetori-

421 2683 486 2746 cis,
505 2687 587 2761 cujus
606 2683 713 2762 Operis
739 2683 900 2764 Epitotn'en
927 2681 1034 2744 Latino
1056 2699 1188 2742 sermone
1206 2681 1303 2740 edidit
1323 2679 1458 2744 Rutilius
1479 2683 1586 2761 Lupus,

422 2763 529 2822 citatus
549 2783 564 2821 a
586 2762 800 2840 Quintiliano.
822 2762 900 2820 Vide
921 2758 1026 2820 Verbo'
1040 2761 1137 2838 Lupus
1156 2763 1192 2822 in
1215 2760 1247 2824 L.

463 2843 638 2921 Gorgonius,
657 2843 799 2907 Buteonis
808 2840 946 2904 Rhetoris
965 2841 1137 2912 auditor‚et
1157 2843 1192 2902 in
1212 2839 1339 2906 scholam
1360 2857 1460 2922 postea
1482 2860 1586 2902 succes-

378 2926 390 2950 ‘
425 2932 493 2995 tor,
514 2923 750 2987 rocisobtusae‚
770 2940 801 2983 et
822 2923 1073 3007 pugnacissimae,
1095 2923 1143 2982 t'ui
1164 2925 1251 2984 Baros
1278 2935 1369 2984 scurra
1389 2923 1498 2991 dixit,
1524 2941 1586 2980 cen-

423 3020 490 3065 turn
511 3021 658 3065 taurorum
680 3023 780 3062 rocem
802 3000 920 3061 habere,
942 3003 1021 3060 Vide
1040 3003 1156 3064 M·Sen.
1175 3003 1361 3066 liarconrr.
1376 3024 1413 3072 7.,
1426 3005 1508 3062 etin
1520 3000 1588 3060 Sua·
1634 3057 1635 3096 p

422 3084 519 3141 soriis.
539 3085 607 3146 Erat
627 3081 854 3144 amabilissimus
873 3081 1077 3147 Declamator‚
1091 3099 1165 3146 teste
1184 3085 1289 3144 Seneca
1302 3127 1310 3152 ,
1323 3075 1376 3164 qui.
1394 3079 1533 3148 forsitan,
1544 3090 1586 3164 jo·
1634 3097 1635 3138 r

421 3182 458 3222 co
480 3162 685 3244 magis‚quim
706 3164 781 3226 serio
801 3162 857 3222 hoc
877 3161 1052 3234 affirmabat,
1066 3161 1103 3221 de
1122 3160 1246 3224 homine
1267 3181 1327 3224 ram
1339 3167 1470 3245 ingratae
1485 3166 1585 3226 uocis.

464 3240 646 3302 Gracchanus
666 3240 758 3316 (Jun.
767 3246 781 3321 )
793 3287 803 3314 ‚
817 3241 1015 3305 Gracchorum
1036 3245 1163 3312 anricus,
1184 3246 1227 3320 cis
1247 3244 1422 3305 addictiss:
1442 3247 1526 3324 quod
1547 3263 1587 3304 tc·

422 3333 531 3383 statum
552 3322 658 3391 soluit,
678 3343 796 3404 sumpto
816 3345 833 3382 a
853 3322 992 3390 Gracchis
1006 3323 1166 3383 Gracchani
1187 3325 1329 3384 nornine.
1349 3325 1474 3404 Scripsit
1494 3325 1584 3396 Hirr..
1634 3391 1635 3398 ἵ

420 3417 456 3463 ut
475 3403 623 3489 colligitur
642 3421 678 3463 ex
698 3405 778 3468 run.
798 3405 821 3465 1.
833 3427 884 3477 ³3·
897 3423 921 3466 c.
934 3423 964 3463 t.
966 3403 1025 3543 gii
1030 3404 1072 3466 N.
1090 3406 1169 3465 Haec
1189 3405 1269 3468 Hist-
1282 3405 1376 3465 desid.

460 3563 623 3625 Gracchula
642 3564 856 3645 (Toranius),
872 3565 975 3650 Hisp.‚
988 3564 1088 3627 floruit
1107 3566 1221 3628 Romae
1238 3553 1306 3626 cum
1327 3562 1405 3628 fama
1425 3565 1584 3628 doctrinae
1634 3549 1635 3600 l

415 3644 475 3704 ‘sub
495 3647 620 3708 Claudio
640 3647 798 3709 cieras·
1165 3682 1169 3688 ·
1282 3709 1284 3712 .
1462 3710 1467 3716 ,

361 3741 371 3750 ’
462 3724 608 3787 Gracchus
628 3727 719 3802 (Tib.
732 3727 762 3800 )‚
776 3728 884 3787 Orator
903 3725 1058 3808 eloquens,
1070 3724 1120 3786 sed
1139 3724 1338 3786 turbulentus.
1355 3725 1513 3788 Seditiosis
1525 3727 1587 3788 suis
1634 3765 1635 3798 r

422 3799 620 3875 Orationibus,
632 3827 699 3869 cum
712 3805 795 3870 Trib·
806 3808 846 3890 pl.
855 3825 949 3874 esset,
963 3807 1074 3888 plebem
1088 3823 1189 3868 contra
1200 3806 1387 3868 nobilitatem
1403 3809 1491 3880 Rom.
1506 3829 1590 3868 corn·

418 3884 540 3953 morit,
561 3885 621 3967 lege
649 3888 767 4031 algoris
796 3888 873 3949 lata.
895 3887 972 3947 Cum
1001 3887 1084 3946 valde
1110 3907 1191 3948 carus
1217 3887 1296 3969 plebi
1324 3898 1415 3959 esset,
1436 3891 1524 3950 venit
1545 3889 1582 3950 iu

299 4025 302 4030 ,
417 3964 617 4053 suspicionem
630 3987 663 4027 a
702 3969 775 4031 crati
793 3969 900 4052 regni.
919 3967 958 4028 ob
977 3969 1057 4050 qnod
1077 3971 1191 4052 privata
1216 3969 1391 4034 auctoritare
1408 3967 1468 4036 firit
1487 3989 1505 4034 a
1527 3969 1589 4034 Sci·
1634 3965 1635 4046 l
