3317 4817
476 357 516 416 60
922 403 925 406 .
991 351 1031 418 Pl

330 443 333 448 ⁴
430 417 562 498 matilrus¹
579 435 686 522 legitur
707 421 852 514 Calpurnii
871 434 980 496 Pisonis
1000 453 1122 508 nomeu,
1141 437 1220 512 eius.
1240 434 1293 520 qui
1313 439 1380 519 poti
1399 439 1434 499 C.
1458 438 1580 499 Marium

424 518 585 597 Hispaniae
605 520 738 580 ulteriori
758 516 901 600 praefinit.
921 517 1066 578 Dehisce
1086 518 1330 589 numismatibus,
1342 521 1420 580 etde
1441 517 1498 580 lroc
1517 521 1579 580 cat·

421 601 524 674 pteraio
543 597 646 659 Pisone
666 603 735 661 ride
753 602 917 661 Marianam
938 601 1084 659 Historiae
1103 599 1187 676 turp.
1199 601 1251 674 lib,
1261 624 1289 670 3·
1300 619 1325 658 c.
1338 617 1403 671 ιι,
1425 621 1456 660 ec
1478 609 1581 680 rapo-

425 697 547 739 stremae
567 682 711 742 editionis
723 684 781 742 His
802 703 882 751 anae,
901 699 1016 741 curatae
1035 703 1052 741 a
1072 685 1109 739 V.
1123 681 1168 741 Cl.
1185 681 1488 749 loamsanranderio,
1510 683 1575 763 ch.

426 759 580 900 primariae
599 765 713 824 Matris.
725 702 924 823 niblorhecae
943 759 1092 822 Praefecto
1105 763 1175 832 ,cui
1194 760 1287 821 debeo
1306 762 1454 842 exemplar
1473 764 1582 842 magui·

400 901 403 906 ,
448 861 532 912 cum,
553 861 612 923 quo
633 863 720 905 utor.
743 845 840 920 Capite
865 853 911 900 16.
932 843 1027 902 dictae
1047 845 1127 903 Hiar.
1140 860 1317 902 memoratus
1337 842 1451 902 Pisonis
1468 844 1581 910 obitur,

424 941 490 984 cum
512 943 651 1004 praeesset
671 926 831 1006 Hispaniae
851 925 984 999 ulteriori
996 943 1043 983 au.
1058 924 1138 984 U.C.
1151 932 1221 994 689.
1302 943 1322 976 a

424 1001 427 1007 ’
464 1003 635 1076 Pitlroleor,
657 1005 745 1068 Poeta
767 1005 911 1074 Rhodius,
924 1003 1143 1086 reprehenditur
1163 1004 1200 1064 ab
1219 1003 1345 1084 Horatio
1363 1003 1413 1062 lib.
1429 1025 1456 1060 r.
1475 1001 1579 1078 Satyra

425 1105 498 1154 aa,
517 1104 552 1144 eo
572 1086 652 1168 quod
668 1107 756 1148 voces
775 1089 896 1148 Latinas
915 1089 978 1145 suis
998 1084 1118 1144 Graecis
1145 1084 1332 1144 Poemarilsus
1358 1085 1531 1150 innexuerit,
1550 1099 1580 1141 ut

424 1165 557 1227 Lucilius
576 1169 699 1230 Graecas
719 1169 779 1229 suis
791 1167 907 1244 Satyris
926 1167 1042 1226 Latinis
1053 1211 1060 1234 ,
1072 1164 1110 1224 ob
1129 1166 1210 1246 quod
1230 1187 1247 1227 a
1268 1165 1421 1224 nonnullis
1439 1165 1583 1245 impetitis

421 1243 609 1387 laudabatgp.
628 1266 661 1310 ut
681 1249 716 1308 ab
736 1251 930 1332 Hermogene,
945 1248 1073 1332 Augusti
1093 1247 1264 1314 Maricam
1283 1249 1382 1316 Poeta,
1395 1265 1484 1328 quem
1498 1247 1582 1306 Hora-

422 1342 484 1385 ttus
503 1347 538 1386 tn
593 1347 664 1388 tris
684 1347 783 1390 rarat.
1083 1370 1087 1374 -
1399 1351 1402 1356 ·

463 1351 642 1484 Piraeeusy(
644 1414 668 1470 L
673 1411 689 1486 )
702 1456 709 1480 ,
720 1409 967 1482 Mathematicus,
990 1429 1007 1471 e
1023 1411 1101 1472 Saxo
1119 1411 1244 1490 Tarpejo
1264 1408 1412 1488 dejectus.
1434 1407 1516 1468 Vide
1531 1409 1580 1467 Ta·

425 1487 522 1551 citum
544 1488 753 1559 Annal.lib,a.
1013 1523 1022 1536 ·
1297 1513 1300 1518 ·

463 1651 600 1713 Placidus
620 1656 632 1731 (
653 1657 791 1717 Annaeus
811 1657 844 1735 ),
864 1657 971 1717 citatus
990 1639 1126 1715 altreio
1146 1654 1181 1715 in
1204 1654 1387 1738 Virgilium.
1409 1648 1577 1713 Verisimile

422 1748 483 1801 est,
502 1756 536 1794 er
567 1737 708 1816 Hispanis
736 1738 881 1806 Aetnaeis,
895 1745 936 1795 'ex
956 1735 1062 1817 quibus
1081 1735 1172 1796 etiam
1199 1738 1321 1796 Senecae
1341 1733 1458 1796 familia
1479 1750 1576 1792 ortum

422 1811 565 1884 ducebat,
592 1820 778 1911 progenitum
799 1818 889 1878 fuisse
911 1863 918 1875 .
940 1819 970 1877 Si
997 1819 1139 1877 Penariae
1164 1816 1347 1877 invenissem
1373 1815 1494 1876 Nicolai
1523 1816 1579 1870 An·

419 1897 499 1954 tonii
521 1897 605 1977 Hisp.
619 1900 741 1959 Bibliot.
762 1919 905 1963 veterem,
927 1897 1086 1979 potuissem
1106 1898 1143 1957 dc
1159 1893 1235 1966 hoc,
1250 1897 1341 1956 etde
1361 1897 1427 1954 aliis
1438 1893 1577 1958 Antaeis,

418 1973 586 2037 Senecarum
608 1977 737 2040 familiae
757 1981 907 2042 extrariis,
924 1979 1007 2059 plura
1026 1979 1203 2046 dicere,nisi
1219 1979 1247 2037 si
1266 1978 1304 2038 de
1322 1977 1384 2038 illis
1403 1974 1525 2036 mentio
1544 1976 1575 2032 iu

424 2071 457 2112 ta
478 2052 551 2117 iacta
572 2077 632 2118 non
654 2063 712 2125 sit,
735 2063 813 2142 quod
833 2065 1051 2140 incompertum
1075 2056 1186 2118 habeo.

405 2153 408 2160 ·
460 2133 619 2214 Plancus(
642 2143 673 2200 1..
686 2143 863 2209 Numerius,
885 2141 930 2197 rel
951 2142 1052 2221 potius
1070 2139 1223 2200 Munatius
1239 2139 1352 2218 ),Cos.
1367 2138 1405 2198 ad
1423 2157 1514 2219 quem
1536 2148 1577 2194 est

418 2213 491 2273 liler
511 2239 556 2280 ro,
570 2217 675 2294 Episrt.
685 2220 873 2298 familiarium
893 2221 1063 2289 Ciceronis,
1083 2222 1116 2278 in
1137 2221 1243 2300 quibus
1263 2221 1367 2284 Cicero
1387 2219 1424 2278 ds
1444 2225 1511 2297 ejus
1531 2218 1582 2272 vit-

419 2310 483 2354 tnte
504 2299 643 2364 militari,
665 2304 801 2374 justitia,
821 2323 850 2362 et
871 2323 983 2361 summa
1003 2301 1171 2382 eloquentia
1190 2300 1336 2382 loquitur.
1357 2303 1427 2378 Ejus
1448 2296 1581 2358 verbaad

417 2377 558 2456 populum
573 2381 797 2442 Rom.citantur
817 2383 855 2441 ab
874 2384 1005 2442 Asconio
1024 2384 1057 2441 in
1080 2383 1288 2442 commentae
1308 2381 1447 2441 Ciceronis
1468 2379 1582 2438 Oratio·

419 2475 485 2515 tres.
506 2462 550 2518 M.
559 2462 663 2524 Seneca
683 2462 719 2520 de
740 2483 775 2520 eo
795 2461 925 2542 loquitur
943 2463 963 2520 l.
976 2477 1005 2520 a.
1022 2463 1169 2530 controv..
1183 2479 1216 2523 ut
1236 2463 1408 2523 desummo
1429 2460 1581 2519 Declama-

415 2554 499 2596 tore.
521 2540 591 2598 Fuit
611 2541 762 2601 Ciceronis
782 2543 964 2623 discipulus.
982 2561 1013 2602 et
1041 2542 1082 2602 ob
1109 2544 1144 2601 id
1170 2540 1294 2602 forsitan
1314 2543 1513 2603 adversarium
1534 2537 1581 2600 lra-

414 2616 479 2677 buit
501 2620 639 2681 Asinium
661 2622 980 2704 Pollionem‚qui,cum
1002 2642 1111 2704 pararet
1121 2624 1270 2682 Onttiortes
1289 2642 1390 2682 contra
1410 2623 1576 2689 Plancum,
1643 2674 1644 2695 ,

418 2716 486 2778 post
507 2701 607 2761 Planci
624 2721 753 2762 mortem
774 2705 985 2773 edendas,‘nc
1003 2705 1129 2762 Plancus
1149 2705 1321 2784 respondere
1333 2723 1440 2784 posset,
1453 2702 1581 2784 idqueis
1643 2702 1644 2773 l

416 2782 751 2846 rescivissem-Asinium
774 2785 898 2843 irridens
909 2785 998 2851 dixit,
1017 2804 1084 2845 cum
1107 2787 1232 2844 mortuis
1252 2805 1314 2844 non
1334 2787 1394 2843 nisi
1414 2785 1511 2843 larvas
1533 2801 1580 2862 pu·

419 2881 521 2942 gnare.
543 2864 622 2924 vide
642 2867 767 2927 Plinio
789 2865 886 2942 Praef.
904 2867 940 2922 ad
960 2865 1030 2922 Hist
1055 2866 1095 2923 N.
1109 2863 1237 2924 Pracfuit
1261 2863 1446 2924 Plancusbic
1464 2864 1581 2924 Galliae
1643 2876 1644 2925 l

416 2945 638 3080 {omarumubi
659 2948 836 3030 Lugdunum
856 2947 1009 3006 condidit.
1030 2948 1076 3006 lta
1095 2949 1122 3005 S
1135 2949 1216 3006 Hier.
1228 2949 1263 3006 in
1285 2945 1385 3005 coron.
1397 2946 1437 3004 ad
1457 2965 1509 3004 an.
1535 2951 1578 3004 ro.

437 3043 496 3102 mp.
514 3025 562 3084 Au
582 3027 663 3085 usti.

457 3047 602 3174 Planeugs,
624 3105 700 3173 Phil·
713 3110 851 3179 Stoicus,
871 3126 1050 3171 memoratus
1069 3131 1085 3168 a
1106 3110 1213 3188 Quint.
1225 3111 1248 3168 l.
1266 3131 1313 3169 ro.
1325 3129 1349 3167 c.
1368 3106 1489 3177 r.,ubi,
1509 3107 1581 3166 cita·

414 3197 447 3240 to
468 3185 575 3254 Cario,
597 3187 661 3252 ait,
682 3187 714 3246 in
735 3192 841 3250 Stoicis
861 3212 922 3251 esse
942 3193 1067 3251 utilem:
1089 3191 1122 3248 in
1142 3191 1292 3272 Epicureis
1311 3191 1427 3257 levem,
1442 3189 1495 3246 sed
1517 3204 1582 3245 non

413 3261 631 3342 injucundum.
654 3271 769 3351 Ignoto,
781 3291 818 3330 an
839 3273 918 3331 idem
940 3274 980 3332 sir
999 3292 1066 3332 cum
1089 3272 1290 3351 praecedenti,
1303 3276 1390 3352 quem
1409 3267 1582 3328 consolatur

414 3345 537 3414 Horat,
560 3365 588 3406 ct
610 3351 771 3430 sapientem
793 3371 879 3412 rotat
900 3354 962 3410 Ode
989 3353 1113 3434 quadam
1134 3354 1182 3412 lib.
1199 3375 1224 3410 r.

454 3427 583 3496 Planus,
606 3429 733 3512 insignis
753 3433 898 3512 impostor
919 3436 1035 3512 Romae
1053 3436 1143 3492 notus
1169 3433 1288 3492 Horatii
1319 3447 1432 3500 aetate,
1448 3429 1494 3489 ‚de
1520 3448 1580 3510 quo
1643 3474 1644 3511 ,

412 3499 484 3568 llor.
499 3509 530 3566 in
552 3509 643 3586 Epist,
656 3513 703 3571 lid.
719 3535 744 3570 r.
768 3513 830 3571 Nec
851 3517 937 3572 sernel
956 3517 1049 3571 ‘irrisu
1071 3515 1162 3572 curiis
1189 3515 1321 3572 attollere
1347 3529 1445 3582 curat,
1466 3509 1578 3570 Fracto
1643 3534 1644 3605 p

413 3605 498 3666 crure,
521 3591 663 3649 Planum.
688 3597 733 3652 lta
756 3597 877 3658 Acron.
900 3597 1017 3654 Horatii
1038 3598 1178 3674 antiquus
1198 3597 1362 3674 lnrerptts.
1643 3624 1644 3695 p

451 3669 611 3730 Platonici.
633 3675 712 3733 Vide
732 3674 896 3732 Academici
916 3678 949 3734 in
971 3676 1011 3734 A.
1032 3677 1137 3755 Siquid
1159 3676 1195 3733 de
1213 3673 1496 3735 Trinitatcolrscurc
1513 3674 1580 3734 stri·
1643 3698 1644 3751 p

411 3751 551 3886 pserunt,
573 3772 606 3812 ur
636 3755 773 3814 nonnulli
800 3746 942 3822 tradtint,
963 3777 999 3814 et
1020 3759 1106 3816 sacris
1130 3756 1258 3827 litteris,
1281 3756 1327 3815 rel
1346 3774 1382 3813 cx
1397 3756 1498 3816 doctis
1517 3757 1578 3816 He-

309 3899 311 3902 ·
429 3847 501 3887 raers
525 3850 714 3912 acceperunt.

454 3909 581 3968 Plautus
601 3917 610 3988 (
633 3915 675 3976 M.
690 3917 797 3976 Accius
814 3918 830 3994 )'
843 3959 851 3980 .
863 3921 963 3992 Poeta.
975 3919 1085 3978 Umber
1096 3917 1225 3978 Sarcinas
1236 3918 1440 3986 ,Comicorum
1453 3917 1582 3977 Latino·

412 4003 478 4052 rum
499 3987 709 4100 facetissimus,
721 4015 749 4057 et
762 3999 953 4072 salsissimus,
965 4001 1033 4070 licet
1052 4005 1115 4080 ejus
1135 3999 1224 4067 sales,
1245 4017 1279 4059 ut
1298 4019 1398 4082 parum
1411 3997 1520 4059 miani
1540 3998 1579 4060 ab
1643 4016 1644 4043 l
