3317 4817
430 318 474 366 rr.
942 296 996 367 ἈΕ

392 399 495 443 manos
514 377 622 451 fuisse,
642 376 693 462 qui
713 379 1000 467 Graecam·linguam
1021 382 1144 468 perfecte
1164 382 1288 448 scirent.r

432 462 570 527 Aelianas
590 463 770 541 (Maccius)
789 464 923 525 Medicus
942 466 1069 547 insignis
1082 465 1188 535 italus,
1209 468 1261 548 qui
1281 464 1401 546 primur,
1422 469 1539 533 Gelono

391 558 465 601 teste
476 587 484 608 ,
497 538 620 600 theriaca
640 561 740 602 contra
759 560 869 623 pestem
891 562 970 605 usur·
977 541 1037 605 fuit
1048 589 1055 601 .
1067 546 1136 623 Ejus
1156 546 1275 609 curandi
1295 544 1467 609 methodum
1478 551 1540 611 lau·

391 621 441 680 dat
461 620 604 680 Galenus.
625 622 744 701 Scripta,
765 624 847 703 siqua
866 622 917 681 illc
936 624 1053 689 edidit,
1073 623 1182 693 latent,
1205 625 1252 685 rel
1272 626 1435 705 perierunt.

430 702 533 768 Aelius
544 700 593 777 (C)
607 702 722 781 scripsit
742 702 904 761 Commenta.
913 704 946 761 in
961 704 1088 763 Carmina
1099 704 1241 763 Salioria.
1254 708 1298 764 lta
1319 706 1409 765 Varro
1428 706 1465 767 dc
1485 709 1541 765 litt.

389 802 447 859 grta
456 783 507 839 lat.
517 782 563 839 lib.
575 788 601 840 6.
612 802 635 840 c.
650 802 675 839 1.
689 782 881 841 commentarii
894 784 972 845 Aelii
992 784 1083 844 desid.
1096 784 1126 842 Si
1146 782 1179 842 hi
1192 785 1352 843 Commentt.
1365 786 1401 845 ad
1413 806 1467 847 nos
1480 808 1541 868 per.

389 862 537 922 venissent
560 906 569 931 ,
589 862 681 921 multa
700 880 780 924 nunc
798 864 901 947 ignota
920 862 956 924 de
976 865 1095 945 antiqua
1117 863 1166 927 lau
1187 864 1287 948 lingua
1307 908 1316 933 ,
1336 864 1421 925 nobis
1441 884 1539 927 esseut

388 942 554 1023 explorata.

429 1022 533 1087 Aelius
553 1020 614 1090 vel,
627 1039 660 1081 ut
679 1021 730 1081 alii
750 1021 888 1091 scribunt,
910 1024 1019 1088 Elius,
1038 1023 1165 1105 insignis
1196 1022 1245 1084 lat.
1259 1024 1390 1087 Gramm.
1402 1026 1446 1085 Ex
1474 1029 1537 1103 ejus

389 1103 535 1163 sententia
555 1102 646 1159 Varro
666 1103 730 1161 ait:
750 1103 938 1177 intempestum
970 1119 1075 1163 noctem
1102 1104 1187 1170 dici,
1206 1123 1273 1163 curu
1294 1119 1409 1183 tempus
1429 1108 1537 1187 agendi

388 1201 431 1242 ert
452 1180 585 1243 nullutn:
605 1182 683 1261 quod
703 1181 755 1242 alii
767 1184 926 1240 concubium
947 1184 1035 1241 noctis
1055 1182 1261 1263 appellatum
1273 1182 1351 1263 quod
1364 1180 1421 1241 fere
1431 1203 1536 1243 ornnes

352 1272 354 1275 ’
387 1278 459 1321 tunc
478 1260 603 1322 cubent.
625 1260 689 1321 Alii
708 1262 788 1342 quod
806 1281 910 1321 omnes
928 1278 1000 1321 tunc
1020 1262 1126 1321 sileant,
1151 1262 1290 1319 silentium
1322 1263 1434 1331 noctis,
1454 1266 1536 1344 qnod

387 1342 506 1401 Plautus
526 1341 700 1400 conticinium
721 1359 820 1403 rotat.
843 1343 900 1404 Hic
920 1343 1022 1408 Aelius
1042 1340 1119 1403 mihi
1141 1340 1254 1401 videtur
1275 1360 1350 1412 esse,
1365 1342 1444 1401 idem
1464 1364 1533 1403 cum

387 1440 439 1490 co,
460 1422 510 1499 qui
532 1422 678 1499 sequitur.

405 1550 408 1556 .
426 1498 528 1560 Aelius
548 1498 600 1574 (t)
619 1498 704 1575 Stylo
715 1502 793 1567 ,site
811 1501 893 1561 Stolo
913 1496 1023 1573 dictus,
1045 1500 1186 1561 Varronis
1203 1500 1342 1583 Magister
1360 1516 1433 1561 teste
1453 1502 1535 1563 Cice·

385 1600 476 1650 rone,
496 1597 526 1640 et
546 1576 740 1659 Philosophus
766 1584 902 1651 Stoicus,
922 1603 1006 1662 quem
1034 1580 1125 1662 aliqui
1153 1600 1298 1661 perperam
1327 1580 1454 1639 Laelium
1484 1602 1533 1643 vo·

385 1677 454 1721 eant
470 1665 623 1745 jungentes
634 1659 660 1715 L
669 1663 866 1739 praenominis
877 1662 997 1730 Lucius,
1008 1680 1074 1721 cum
1087 1662 1210 1719 nomine
1221 1659 1324 1717 Aelius
1334 1704 1344 1729 ,
1355 1660 1432 1740 quod
1448 1662 1532 1747 igno·

383 1742 509 1809 santiae,
530 1740 578 1798 tel
595 1737 851 1809 librariorum,vel
871 1739 1115 1823 typographorum
1135 1735 1224 1797 tribui
1244 1738 1344 1799 debet.
1359 1740 1393 1797 L.
1407 1736 1455 1798 hic
1475 1741 1532 1799 Ae-

384 1822 441 1880 lius
461 1820 585 1881 multum
606 1820 770 1881 laudatura
790 1822 852 1883 Cic.
864 1821 897 1879 in
918 1822 1008 1879 Bruto
1024 1863 1031 1878 .
1046 1822 1090 1879 De
1110 1838 1145 1877 eo
1165 1816 1269 1887 tradit,
1282 1818 1418 1899 Equitem
1439 1820 1528 1880 Rom.

384 1901 614 1961 eruditissimum
634 1904 668 1960 in
679 1903 848 1967 Graecis2et
861 1902 975 1963 Latinis
987 1900 1110 1967 litteris,
1123 1920 1154 1958 ac
1173 1900 1206 1957 in
1226 1898 1463 1978 Antiquitatibus
1483 1920 1533 1979 pe·

383 1982 474 2042 ritiss.
493 1979 600 2041 fuisse.
621 1982 724 2043 Tradit
743 1984 937 2049 etism‚cum,
948 1982 1021 2061 quin
1033 1982 1186 2039 Oratorem
1206 1979 1240 2037 in
1259 1974 1321 2037 foro
1341 1980 1403 2057 ipse
1423 1996 1529 2061 ageret,

383 2081 436 2141 pro
455 2060 521 2119 aliis
540 2061 632 2119 varias
652 2060 801 2119 Orationes
826 2061 1003 2122 lucubrasse.
1030 2058 1164 2119 Tandem
1183 2058 1247 2125 ait,
1268 2078 1297 2117 sc
1317 2058 1533 2123 adolescentem¹

384 2139 563 2220 perstudiose
582 2158 649 2197 eum
668 2141 828 2203 audivisse.
844 2141 877 2197 L.
890 2138 974 2218 hujrrs
994 2136 1072 2197 Aelii
1092 2158 1175 2219 opera
1196 2136 1272 2197 nulla
1293 2137 1445 2219 leguntur.

424 2217 525 2275 Aelius
534 2217 551 2290 (
553 2217 1057 2299 Sextusiantiquuslurisconsultus.
1066 2220 1111 2295 De
1119 2236 1153 2277 eo
1161 2233 1193 2277 ut
1202 2218 1265 2277 lura
1274 2216 1387 2280 civibus
1394 2217 1528 2297 praescri·

382 2291 672 2377 benteloquiturCic.
680 2299 829 2361 deSeneat.
837 2302 905 2359 Fuit
914 2302 1016 2359 Coset
1024 2298 1062 2357 ob
1071 2297 1332 2381 suamsingularem
1342 2298 1528 2377 prudentiam

384 2378 472 2434 Carus
483 2376 517 2435 ab
529 2378 627 2452 Ennio
637 2378 670 2435 in
682 2376 787 2442 Annal.
797 2380 954 2459 appellatus
966 2423 973 2436 .
988 2378 1092 2437 Edidit
1105 2378 1266 2434 Commentt.
1279 2378 1312 2434 in
1324 2378 1400 2455 leges
1412 2394 1457 2433 ra.
1472 2376 1529 2433 Ta-

383 2456 520 2525 delatum,
533 2457 583 2537 qui
595 2457 693 2517 desid.
704 2460 740 2518 ln
750 2457 797 2519 his
816 2455 938 2519 forsitan
958 2456 1159 2517 continebatur
1171 2459 1217 2535 jus
1238 2456 1363 2533 priscum
1373 2454 1528 2515 Aelianum

380 2536 550 2599 dictum2in
565 2556 624 2617 quo
642 2556 735 2598 novae
754 2536 893 2599 formulae
915 2534 1348 2612 iuristradebantur.Aeliorum
1369 2554 1439 2617 gens
1460 2556 1529 2614 pau-

380 2616 707 2696 perrimaetat‚adeout
729 2628 774 2689 16,
786 2640 820 2677 ex
842 2618 940 2679 eadem
961 2616 1073 2677 familia
1093 2634 1150 2674 una
1170 2614 1345 2673 domuncula
1365 2614 1529 2675 clauderes·

302 2737 306 2741 -
379 2714 446 2755 turs:
466 2696 560 2775 quod,
575 2714 608 2755 ut
627 2714 721 2777 puto,
741 2698 950 2781 contingebat,
971 2716 1037 2756 cunt
1085 2695 1157 2753 risca
1185 2710 1332 2773 paupertas
1353 2694 1463 2753 Rornae
1485 2696 1529 2752 vi-

378 2775 462 2855 gebat
474 2820 482 2845 ,
496 2794 527 2836 et
538 2776 572 2835 in
581 2775 691 2836 honore
700 2797 775 2847 etat,
786 2798 868 2859 quae,
887 2776 1050 2839 immodico
1060 2716 1129 2835 ldxu
1150 2789 1247 2856 postea
1267 2772 1527 2841 invalescentem

380 2875 496 2915 motum
515 2857 695 2936 corruptela,
716 2859 844 2922 ludibrio
864 2856 941 2919 fuit.
1092 2864 1101 2923 ’,
1173 2906 1177 2913 -

419 2935 619 3009 ΑεΙὶω(Ριιδ,
630 2938 641 3010 )
652 2939 729 2996 Sexti
742 2934 826 2999 frater
845 2940 933 2998 etiarn
954 2930 1191 3001 Iurisconsultus,
1201 2950 1230 2991 et
1243 2934 1308 2998 Cos.
1318 2930 1385 3013 tide
1399 2932 1434 2997 de
1447 2949 1527 2993 utro·

377 3032 433 3094 que
453 3015 613 3074 Gravinum
634 3018 667 3074 in
686 3018 780 3097 Opere
799 3020 836 3080 de
857 3018 936 3095 Orig.
947 3014 1024 3087 laris
1045 3014 1162 3075 Ciuilis.
1337 3071 1339 3081 ,

419 3091 593 3152 Acutilianam
613 3096 625 3172 (
650 3096 772 3159 >‘tinius
790 3100 803 3174 )
823 3100 943 3167 Orator,
957 3116 986 3157 et
1005 3111 1149 3157 accusator
1169 3090 1310 3171 Apuleii,
1330 3092 1366 3150 de
1392 3108 1450 3185 quo
1470 3086 1523 3153 liic

376 3172 412 3231 in
432 3170 574 3249 Apologia
589 3195 642 3248 pro
662 3195 707 3235 se.
720 3178 789 3252 Ejus
810 3178 911 3237 Oratio
930 3178 1122 3237 desideratur.

418 3250 556 3313 Aetnilius
576 3254 587 3330 (
607 3256 756 3331 Paullus)
775 3260 829 3316 Vir
852 3258 1012 3319 litterarum
1033 3248 1203 3319 studiosus,
1224 3250 1276 3330 qui
1297 3250 1426 3329 primus,
1448 3266 1526 3311 teste

376 3334 403 3391 S.
416 3327 587 3393 Isidoro-lid.
601 3346 628 3392 o.
639 3336 726 3413 Orig..
741 3338 872 3397 Romam·
887 3357 1021 3419 magnam
1042 3336 1156 3414 copiam
1176 3331 1314 3391 librorum
1336 3330 1454 3389 advexit
1469 3348 1540 3415 ,²¹¹2

375 3415 413 3481 V.
434 3413 474 3477 C„
486 3421 548 3487 586.
569 3414 686 3476 devicto
704 3420 808 3476 Perseo
828 3418 1118 3495 Macedonicam,
1140 3430 1248 3493 praeter
1276 3410 1454 3480 dltssslmm.
1474 3429 1525 3483 au·

373 3492 420 3561 ri,
441 3512 469 3552 ct
489 3496 601 3575 argenti
621 3496 773 3573 praedam,
796 3498 833 3559 de
852 3516 908 3576 qua
929 3514 1027 3575 postea
1047 3490 1142 3571 Verbo
1163 3490 1327 3551 Aerarium.
1476 3555 1479 3564 ἲ

414 3572 554 3636 Aemilius
571 3576 585 3649 l
604 3577 647 3638 M..
658 3577 784 3653 Lepidus
804 3578 817 3652 )
838 3578 881 3637 vel
902 3576 948 3633 M.
962 3574 1101 3635 Aemilius
1122 3571 1264 3643 chidrts,
1283 3568 1404 3627 Porcina
1424 3567 1524 3628 dictus

374 3654 583 3724 PontMaum
595 3675 726 3714 summus
732 3658 941 3730 Orator,cuius
950 3657 1042 3715 Orate.
1052 3650 1142 3717 desid.
1153 3670 1220 3712 nam
1232 3668 1302 3733 quae
1315 3644 1429 3709 affertur
1439 3668 1454 3705 a
1463 3649 1521 3707 Sal-

372 3731 462 3791 lustio
481 3732 585 3812 Crispo
604 3735 636 3791 in
658 3736 854 3815 fragmentis,
876 3756 947 3815 quac
966 3748 1117 3815 supersunt
1137 3730 1183 3789 lib.
1202 3754 1227 3790 r.
1242 3730 1351 3789 Hister.
1371 3747 1426 3865 qua
1446 3728 1522 3805 Pop.

373 3812 460 3869 Rom.
475 3808 619 3880 hortatur,
635 3830 674 3871 nt
692 3834 769 3872 arma
789 3833 884 3874 sumat
904 3832 1003 3874 conus
1023 3814 1127 3891 Syllani
1140 3855 1147 3879 ,
1161 3814 1209 3877 ea,
1223 3812 1366 3889 inquam,
1393 3809 1449 3869 icet
1471 3804 1520 3862 M.

370 3887 617 3986 &atiliolatpido
636 3892 799 3989 tribuatur,
818 3916 844 3970 a,
855 3893 990 3973 Sallustio
1008 3893 1148 3959 historica
1165 3890 1296 3955 libertate
1315 3885 1372 3951 luit
1392 3884 1523 3979 lucubrat
