3317 4817
413 320 524 455 Publia
544 393 622 455 bella
636 391 798 473 praecipue,
810 394 847 456 in
858 393 960 479 qubus
971 320 1102 457 ¹llornaai
1121 398 1241 462 uictores
1260 401 1425 465 Poenorum·
1436 402 1586 483 fueram„

449 491 537 563 quot,
551 494 578 535 et
597 494 731 554 quantum
752 476 878 539 lutariae
890 491 904 537 t
917 502 949 561 p.
963 493 1010 543 rt.
1022 479 1161 561 Quisnam
1174 484 1285 561 primus
1298 487 1412 563 praelio
1431 488 1570 547 maritima

453 554 563 615 Poenos
582 559 671 618 uicit!
686 554 763 618 'Vite
782 558 918 621 Duellius
936 563 966 621 ia
985 564 1024 621 D.

412 637 513 701 Puteal
533 639 642 699 Rornae
661 640 751 716 quirit
767 661 796 717 p.
819 655 867 706 rt.
890 642 937 701 ubi
957 642 1141 705 situmtibil.

411 712 436 781 P
456 718 572 781 littera.
591 720 742 780 Nonnulla
762 720 797 781 tle
816 720 870 780 luae
889 724 985 783 littera
1002 743 1071 803 pag.
1094 746 1142 799 79.

406 870 562 959 Quantitas
580 881 780 959 Syllabarum.
809 884 1109 957 Vilell’sonttnciatio
1129 888 1157 946 in
1179 892 1224 951 P.
1246 890 1319 969 Quo.
1327 909 1415 968 patto
1435 910 1494 953 vet.
1508 893 1568 951 lto.

419 1024 425 1037 ⁵
444 965 519 1021 mani
532 965 562 1023 in
576 968 806 1039 pronunciatione
815 968 976 1045 indicabant
994 968 1113 1027 Votales
1125 970 1220 1032 breues
1230 1017 1239 1038 ,
1251 990 1280 1031 et
1293 975 1394 1052 longas
1404 985 1417 1031 t
1424 994 1497 1051 pag.
1513 994 1580 1045 79.7

447 1037 544 1103 latini
564 1063 657 1105 carent
676 1048 824 1109 vocalibus
839 1066 973 1124 perpetuo
993 1050 1141 1120 breuibus,
1160 1069 1188 1111 et
1203 1072 1338 1128 perpetuo
1358 1055 1472 1130 longis,
1496 1073 1568 1131 quat

444 1121 684 1193 Graeci-babent.
703 1129 930 1192 thiatmarus
948 1132 978 1191 in
997 1131 1135 1209 scriptura
1155 1152 1224 1191 usus
1242 1134 1360 1196 uotanli
1378 1135 1493 1195 uocales
1507 1136 1567 1193 bre·

448 1223 560 1273 ves,et
579 1207 700 1285 longas,
720 1208 786 1268 ibitl.
817 1210 821 1217 '
1203 1212 1207 1217 ’

400 1282 575 1363 Quaestotes
594 1291 705 1363 quinam
726 1290 835 1351 Romae
852 1290 982 1364 Urbani,
1000 1295 1113 1372 quinam
1134 1294 1320 1355 castrinsest
1332 1313 1360 1353 et
1371 1314 1508 1371 quaenam
1522 1313 1568 1353 eo-

448 1384 508 1423 rum
527 1360 661 1427 munerat
676 1390 746 1447 pag.
768 1392 805 1443 79
819 1391 865 1437 ,et
885 1388 933 1433 to.
953 1374 1027 1435 Erat
1047 1374 1156 1455 infirnus
1167 1374 1379 1455 Magistratus,
1393 1378 1458 1435 ibid.
1472 1374 1568 1453 Quae·

449 1466 513 1504 narn
534 1466 614 1508 aetas
634 1450 671 1507 al
692 1471 752 1510 eunt
773 1454 948 1517 obtinentium
973 1457 1130 1535 requisita,
1151 1457 1217 1517 ibit.

407 1524 540 1604 Quirites
562 1529 644 1591 Ciues
664 1532 785 1591 Romani
798 1531 902 1593 Sabino
923 1537 1059 1596 uocabulo
1080 1538 1218 1614 appellati
1233 1583 1241 1607 ,
1257 1558 1326 1617 pag.
1348 1551 1396 1595 ει.

407 1608 438 1688 Q
458 1607 573 1668 littera.
601 1612 648 1674 Ea
669 1631 751 1687 saepe
772 1616 815 1675 usi
835 1618 1085 1693 antiqui-Romani
1105 1619 1168 1677 loco
1190 1620 1232 1682 C,
1254 1635 1282 1675 et
1303 1634 1398 1675 contre
1417 1616 1447 1673 in
1466 1615 1564 1673 multis

1618 356 1658 388 N

445 1689 608 1764 uocabulis,
616 1712 685 1773 pag.
697 1708 745 1763 ει,
756 1713 782 1755 et
794 1708 842 1755 82.
856 1697 886 1775 Q
898 1696 994 1758 littera
1000 1718 1090 1758 nexus
1109 1715 1238 1776 reputata
1244 1698 1356 1756 litterae
1366 1717 1398 1767 c,
1407 1714 1434 1755 et
1444 1717 1463 1755 u
1475 1719 1481 1753 ι
1495 1697 1561 1754 ibid.
1657 1711 1658 1782 ᾗ

398 1850 492 1934 Reges
513 1854 607 1914 Roma
627 1856 738 1933 expulsi
758 1861 888 1934 quando,
906 1877 934 1919 tt
947 1859 1142 1937 quamobrem!
1156 1878 1225 1937 pag.
1246 1872 1304 1918 82.
1326 1856 1404 1937 Quot
1420 1854 1558 1935 futrum,

417 1998 421 2005 ,
440 1949 468 1989 et
487 1953 554 2011 quot
575 1955 663 1997 annos
684 1938 792 1998 Romae
816 1958 966 2021 regnarunt
978 1937 991 2002 l
1005 1961 1074 2017 pag.
1098 1955 1147 2003 ut.
1535 2018 1542 2029 ⁵

399 2012 464 2073 Rex
486 2035 624 2075 sacrarunt
645 2019 791 2095 quisnam,
812 2040 841 2082 er
858 2023 996 2100 quodnam
1018 2020 1076 2099 q‘us
1096 2032 1217 2080 munust
1232 2040 1301 2099 pag.
1315 2033 1362 2076 ει.
1384 2017 1423 2075 Ei
1443 2037 1497 2075 non
1517 2019 1554 2075 lu-

439 2097 518 2156 cebat
538 2115 600 2155 curn
616 2101 723 2175 populo
743 2119 843 2177 agere,
862 2121 912 2161 net
931 2100 1139 2181 Magistratum
1160 2102 1299 2161 obtinere.
1321 2100 1385 2159 ibid.
1406 2098 1479 2179 Ejus
1491 2098 1560 2155 Do·

440 2173 508 2235 mus
524 2177 615 2262 Regin
636 2181 852 2257 appellabatur,
874 2200 902 2243 et
921 2183 981 2263 ep'us
1002 2202 1076 2243 uuor
1094 2184 1226 2267 Regina,
1248 2183 1313 2239 ibil.
1430 2250 1433 2258 1
1536 2260 1543 2273 ·

400 2252 561 2318 Rhetotes.
582 2258 764 2341 Quibusnam,
786 2262 903 2324 diuersis
924 2264 1099 2338 temporibus,
1119 2264 1283 2323 attributum
1293 2261 1402 2319 Romae
1421 2257 1559 2317 llltetorts

436 2360 532 2400 nomen
545 2351 557 2395 t
574 2361 642 2418 pag.
663 2357 710 2410 ³3·
734 2340 877 2403 Rhetoteo
888 2344 990 2403 Roma·
1001 2345 1080 2424 ejecti
1099 2363 1153 2421 quo
1166 2362 1302 2418 tempore,
1314 2359 1341 2399 et
1352 2342 1528 2417 quamobrem
1544 2335 1559 2400 b

431 2419 500 2557 ibilb
517 2418 681 2561 Rhebtoltum
703 2439 794 2481 sectae
813 2424 953 2498 diversae,
970 2445 1040 2502 pag.
1061 2438 1109 2495 83.
1133 2424 1271 2484 Ciceronis
1291 2442 1360 2483 aeuo
1381 2418 1549 2481 Rhetotum

435 2516 483 2557 tur
502 2521 543 2569 a,
564 2523 573 2560 t
593 2524 601 2561 t
622 2547 630 2563 .

392 2578 482 2641 Ritus
501 2580 690 2643 Romanorum
711 2583 895 2647 Etltnieorum
916 2588 945 2647 in
963 2584 1198 2663 Sarrifitiis,'ubi
1219 2586 1253 2645 le
1272 2584 1394 2646 uictimis
1415 2582 1511 2653 albis,
1529 2598 1558 2640 et
1656 2595 1657 2658 3

438 2664 542 2739 nigris,
566 2682 592 2723 et
613 2667 646 2724 de
666 2666 721 2725 ritu
743 2687 791 2725 eas
810 2669 993 2733 immolandi,
1008 2688 1077 2745 pag.
1098 2681 1146 2735 83.
1356 2724 1363 2737 ,
1395 2745 1430 2757 ..
1516 2742 1522 2755 .

398 2740 508 2804 Roma.
531 2744 604 2824 Ejus
624 2746 726 2812 initia,
742 2769 773 2825 p.
794 2764 857 2812 85:
880 2768 935 2826 puo
955 2769 1026 2808 anno
1047 2769 1066 2805 a
1086 2748 1211 2807 Romulo
1226 2745 1370 2827 fundata,
1392 2746 1457 2802 tbul.
1479 2742 1558 2835 'Epor

429 2824 551 2884 ambitus
570 2829 658 2887 uariis
679 2830 867 2907 temporibus,
881 2849 951 2909 pag.
971 2842 1028 2893 tr.
1051 2828 1212 2888 Intolarunt
1232 2848 1362 2889 numerus
1382 2824 1555 2884 increlubtlts

416 2900 487 2965 ¹sub
509 2907 644 2978 Claudio,
661 2929 729 3035 pag.
751 2924 799 2973 tr.
1007 2966 1011 2973 ,
1253 2923 1257 2932 ’

391 2986 521 3048 Romani
550 2988 620 3047 unle
640 2986 714 3049 orti.
734 3012 802 3069 pag.
820 3005 871 3063 aa.
904 2990 1176 3061 Eorumloctn'na,
1199 3008 1227 3051 et
1249 3009 1267 3046 o
1286 2989 1387 3065 quibus
1412 2980 1554 3079 aeceptai

428 3068 494 3127 ibid.
515 3068 621 3127 Eorum
640 3071 772 3148 ingenia,
794 3072 952 3141 astulia,
973 3070 1038 3130 ibil.
1068 3070 1173 3128 Eorum
1196 3071 1355 3144 superstitio
1376 3068 1404 3124 in
1425 3084 1551 3159 mantum

374 3140 379 3153 ⁸
429 3144 557 3209 Deorum
579 3149 680 3221 cultu,
701 3150 765 3209 ibib.
787 3154 988 3213 Romanorum
1004 3152 1207 3226 praenomina,
1229 3151 1359 3217 nomina,
1373 3166 1556 3239 cognomina.

430 3246 458 3293 et
478 3231 643 3307 agnomina.
662 3251 719 3309 quo
734 3250 821 3307 pacto
842 3233 994 3302 Romanos
1014 3232 1235 3308 distinguerent,
1260 3248 1287 3288 et
1308 3248 1363 3305 qua
1384 3245 1491 3284 ratione
1512 3228 1554 3284 du·

427 3312 515 3371 versis
535 3313 700 3387 temporibus
720 3312 861 3373 Auctores
881 3310 1054 3374 citarentur?
1069 3332 1137 3389 pag.
1159 3325 1218 3387 84,
1240 3328 1267 3368 et
1279 3324 1335 3401 .⁸5·
1363 3306 1413 3365 De
1435 3308 1546 3366 ΚΟΜ-

426 3410 532 3453 norum
549 3390 668 3469 fortuna
684 3412 834 3468 prospera,
849 3414 881 3454 et·
893 3397 1015 3457 alvena
1025 3440 1033 3465 ,
1045 3393 1109 3453 ibib.
1122 3391 1244 3450 Romani
1263 3391 1385 3448 litteram
1402 3389 1554 3463 11,an

427 3472 573 3541 caninam
593 3472 789 3548 appellabant,
811 3472 957 3555 difficulter
969 3472 1213 3549 pronuntiabant,
1231 3490 1302 3562 ρας.
1323 3492 1370 3542 94.

389 3552 417 3612 tt
437 3552 533 3612 littera
552 3573 571 3609 a
592 3553 727 3613 Romanii
748 3558 912 3633 commutari
933 3557 1040 3614 solebat
1058 3572 1123 3629 ,curn
1144 3554 1211 3611 Sin
1230 3554 1373 3619 melio,et
1387 3548 1446 3626 fine
1466 3565 1552 3609 voca-

421 3633 563 3717 bulorum,
577 3652 635 3695 tunt
656 3637 684 3697 ia
705 3638 859 3713 sumptura,
882 3654 941 3725 turn
961 3638 990 3695 in
1006 3634 1256 3713 pronunciatione,
1272 3651 1341 3708 pag.
1362 3649 1413 3704 94.

387 3786 516 3856 saltandi
538 3792 596 3855 Ars
616 3795 689 3857 inter
708 3799 834 3857 nationes
854 3817 946 3865 omnes
967 3792 1140 3863 communis,
1167 3813 1204 3851 an
1225 3793 1414 3851 aomanorum
1435 3788 1551 3867 scriptis

428 3878 548 3941 tradita,
569 3896 597 3937 et
620 3880 765 3937 illustrata
778 3876 793 3941 l,
805 3900 875 3957 pag.
898 3886 946 3948 96.
975 3878 980 3889 “

384 3958 507 4039 satyrici
523 3958 635 4019 'Poetae
655 3960 764 4040 legibus
787 3979 833 4019 tu.
858 3958 961 4020 Tabul.
982 3956 1115 4019 coerciti]
1142 3953 1211 4050 Vile
1232 3957 1360 4017 Poetae.
