3317 4817
231 453 238 464 ¹
472 444 501 463 Κ
623 368 680 446 'ru
914 420 928 464 ‚¹
1075 456 1081 465 .
1128 384 1195 457 ι’ῳςτ

74 462 241 537 tetcidisst.
263 452 378 527 blumii
399 464 452 539 sub
474 460 683 530 imitamini
704 456 819 525 fuie'ab
840 451 864 524 E
887 458 997 523 ‘stolisz
1010 457 1124 526 buda
1139 461 1239 523 setta-f
1324 499 1326 503 ψ

75 563 142 618 tur,
163 534 398 631 eum'scripsiss'e
416 565 517 607 contra
539 556 565 608 6.
585 544 676 606 libros
696 544 820 625 Didymi
842 546 867 606 C
888 544 1054 608 alcentrici.
1066 546 1102 603 in
1121 542 1239 624 quibos

75 626 178 690 Cicero
198 646 329 688 taxatur.
351 630 460 687 Verum
483 648 501 687 n
540 645 575 689 ue
596 628 680 708 Opus
700 627 780 689 istud
799 642 947 706 comparet
961 664 977 683 .·
998 625 1076 685 vide
1095 623 1229 685 Aramis·

74 728 148 767 num
169 708 216 767 lib.
237 728 285 767 22.
320 710 356 769 ln
377 646 539 785 Epistul’l

78 808 128 853 ma
150 808 219 848 num
240 786 366 867 Suetonii
387 791 533 875 elogium.
1231 827 1237 839 ·

95 870 98 877 '
148 888 227 931 rasta
247 870 259 949 (
271 873 306 942 1..⁴
314 868 418 935 Paetus
431 873 443 947 )
459 916 466 940 ‚
481 870 640 931 Patavinus
653 872 773 938 ,Orator
785 870 930 953 egregius,
939 869 976 928 de
989 886 1048 949 quo
1058 868 1127 929 Tae.
1143 868 1167 925 1.
1178 887 1228 931 ts.

540 708 598 768 inii
625 712 707 769 Caes.
735 707 772 768 ad
791 709 950 786 Trajauum
980 706 1029 765 lib.
1052 695 1102 765 io.
1123 704 1240 791 legitur·

73 946 152 1009 Ann.
168 990 176 1016 ,
195 948 245 1011 ubi
266 968 360 1011 narrat
380 957 441 1029 ejus
461 954 637 1011 sententiam
658 952 776 1011 &notui
791 951 939 1032 probatam
953 995 959 1007 .
972 949 1060 1008 ‘vide
1079 948 1226 1008 Antistius

72 1031 107 1091 in
129 1030 190 1113 Α.Ι
207 1032 329 1093 Occisus
348 1030 407 1092 fuit
426 1038 506 1111 jussu
527 1034 672 1101 Neronis.
694 1050 849 1093 accusante
871 1051 938 1091 eum
960 1032 1007 1093 M.
1025 1030 1049 1089 E
1070 1031 1228 1090 rio.1.au·

74 1110 195 1171 datur'a
215 1114 302 1173 Mart.
323 1113 343 1171 l.
360 1135 385 1171 r.
406 1131 433 1172 et
453 1136 482 1184 4.
504 1113 647 1191 Epigr.,a
668 1112 870 1181 Plutarcho.a
890 1115 966 1174 Suet.
987 1113 1020 1170 in
1077 1110 1230 1170 tamaro.

74 1194 103 1251 Α
123 1194 191 1252 Tac.
211 1194 232 1250 l.
257 1202 301 1250 16.
315 1192 390 1252 Ann.
420 1174 514 1252 Virtus
534 1195 595 1269 ipsa
615 1194 797 1276 appellatur.
823 1191 853 1250 T
851 1212 931 1251 rosea
951 1180 1090 1275 magnum
1112 1193 1230 1253 tantu

73 1272 160 1331 decus
180 1272 348 1333 laudabatur
367 1293 505 1357 tanquam
526 1276 618 1335 buder
639 1276 844 1357 integerrimus
858 1295 874 1333 a
886 1276 1003 1334 Nerone
1017 1312 1025 1337 t
1037 1275 1067 1332 ei
1086 1268 1204 1333 infenso
1220 1294 1230 1332 t

75 1354 180 1415 Dicere
200 1356 281 1413 euim
303 1356 413 1415 solebat
434 1358 527 1416 Nero:
554 1356 667 1415 Utinam
689 1373 746 1414 tam
765 1375 808 1413 nte
820 1373 926 1413 amarer
938 1352 1061 1423 Paetus,
1075 1355 1237 1431 quantipss.

75 1434 170 1493 Iudex
189 1436 379 1513 integerrimus
400 1454 456 1497 est.
479 1438 603 1497 Amatur
623 1458 638 1499 a
660 1438 749 1499 Paeto
769 1433 872 1499 fuisset
892 1434 1098 1518 proculdubio.
1113 1436 1138 1496 si
1149 1434 1229 1497 Nero
1324 1497 1327 1505 ,

73 1534 171 1575 amore
191 1516 297 1599 dignus
317 1514 435 1577 fuisset.

122 1595 270 1657 Trebatius
292 1598 307 1670 (
316 1600 349 1659 C.
361 1596 490 1675 Testa),
511 1598 629 1660 celebris
650 1600 898 1663 Iurisconsultus,
916 1598 954 1659 ad
973 1618 1059 1680 quem
1080 1618 1130 1658 sua
1149 1596 1234 1674 Topiss

75 1696 112 1735 ru
134 1679 247 1759 scripsit
267 1681 330 1739 Cic.
350 1684 412 1751 cius
432 1681 560 1739 amicus.
585 1680 709 1739 Trebatii
727 1682 850 1743 liberie
870 1680 1063 1756 Religionibus
1086 1682 1193 1738 citatur
1212 1699 1232 1738 a

75 1756 144 1816 Gel.
159 1758 180 1815 l.
195 1767 220 1816 o.
233 1779 256 1817 o.
274 1778 318 1818 ιε.
340 1760 420 1827 NN.‚
433 1777 462 1819 et
482 1782 497 1821 a
518 1763 607 1821 Matr.
629 1762 650 1820 l.
660 1760 811 1832 3.*Saturn.
825 1760 928 1822 Cicero
947 1760 994 1818 lib.
1005 1778 1030 1823 r.
1044 1758 1135 1834 Epist.
1146 1757 1239 1817 Earn:

76 1840 112 1897 in
136 1838 226 1912 Epist.
248 1840 284 1899 ad
305 1842 375 1911 Cb.
390 1842 472 1901 Caes.
490 1842 501 1918 (
517 1843 565 1902 cui
586 1860 684 1923 postea
704 1842 755 1903 ille
775 1840 834 1902 fuit
854 1863 870 1900 a
890 1838 1049 1915 consiliis)
1068 1860 1136 1900 eum
1156 1857 1234 1898 com·

76 1921 237 1989 mendant,
250 1921 325 1980 dicit
346 1924 459 1981 Caesari
473 1922 515 1987 ,de
536 1942 588 1981 eo:
609 1921 756 1982 Hominem
771 1923 945 1999 probiorem,
965 1921 1103 1981 meliorent
1122 1920 1233 1991 uirum,
1302 1996 1305 2001 ,

72 2001 275 2075 prudentiorem
297 2022 357 2061 esse
376 2004 506 2060 nerninem
527 2022 538 2061 .·
560 2002 702 2065 Accedit.-
726 2001 870 2082 familiam
891 2005 967 2061 ducit
990 2002 1019 2059 in
1042 2002 1106 2080 jure
1129 2000 1234 2066 ct'n'ti.

78 2081 216 2157 singulari
237 2085 381 2153 memoria,
404 2102 511 2140 summa
531 2084 665 2143 scientia.
687 2086 763 2144 Eum
783 2084 936 2145 cavillatur
956 2082 1076 2153 Cicero,
1096 2079 1233 2163 eoquod

79 2162 236 2241 Epicureus
257 2160 348 2223 factus
368 2181 461 2222 esset:
483 2182 555 2246 quae
574 2168 653 2225 Secta
673 2166 750 2225 luris
770 2166 892 2224 inimica
912 2164 1037 2225 dieitur.
1125 2210 1130 2230 .
1230 2180 1242 2211 '-

126 2241 296 2312 Trebianis,
308 2246 362 2301 Vit
374 2244 526 2315 litteratus,
537 2246 688 2307 Ciceronis
707 2247 816 2307 amicus
828 2288 837 2305 .
858 2244 934 2305 Eum
948 2244 1055 2304 solatur
1065 2242 1128 2305 Cic.
1140 2240 1233 2320 Epist.

45 2318 48 2325 ‘
80 2343 128 2381 rt.
149 2324 196 2383 lib.
219 2333 245 2383 ό.
268 2324 371 2383 Famil.
392 2324 517 2385 Videtur
538 2328 664 2409 Pompei
687 2338 779 2409 partes
800 2328 834 2385 in
853 2325 930 2386 bello
950 2324 1035 2385 civili
1056 2333 1168 2385 secutus
1183 2340 1232 2396 ,et

83 2406 165 2464 exsul
187 2421 259 2464 tunc
278 2402 384 2474 fuisse.
406 2425 472 2464 cum
487 2406 523 2465 ad
544 2426 609 2466 eum
631 2409 733 2468 Cicero
752 2406 913 2468 scribebat.
1157 2424 1160 2433 ’

131 2484 283 2553 Trebonius
304 2486 397 2563 (C),
419 2488 505 2545 Asiae
527 2486 640 2553 Praef..
663 2490 772 2549 amicus
793 2489 964 2557 Ciceronis.
986 2487 1023 2548 ad
1041 2504 1129 2569 quem
1150 2488 1240 2548 misit

80 2567 220 2628 Carmina
233 2568 310 2626 inter
323 2568 520 2649 navigandum
542 2571 648 2648 scripta
668 2589 768 2630 contra
789 2569 898 2630 malum
918 2571 1013 2628 civem
1024 2570 1118 2629 Nida
1129 2569 1238 2651 librat

81 2646 176 2723 Epist.
189 2646 292 2708 Famil.
315 2648 418 2706 Alium
441 2648 546 2706 librum
568 2650 664 2707 eidem'
686 2653 826 2715 miserat,
846 2651 881 2707 in
900 2663 959 2729 quo
983 2649 1134 2735 collegerat
1153 2651 1238 2718 salsi}

80 2746 113 2787 et
132 2744 215 2791 acuta
236 2728 314 2787 dicta
335 2728 503 2793 Ciceronis.
526 2729 604 2788 Vide
625 2730 718 2805 Epist.
740 2732 792 2787 ult.
815 2729 835 2787 l.
851 2749 897 2791 rs.
918 2730 967 2786 Ad
987 2748 1053 2787 eum
1075 2732 1235 2809 enitami-
1297 2769 1304 2775 -

80 2824 157 2867 serat
165 2808 267 2867 Cicero
276 2808 337 2868 Lib.
345 2810 378 2867 de
387 2816 468 2871 Orat.
483 2809 558 2869 Vide
568 2808 659 2883 Epist.
668 2828 716 2867 ao.
727 2812 789 2869 Cic.
803 2809 852 2867 lib.
864 2829 910 2871 ts.
922 2808 1050 2867 Trebonii
1063 2809 1128 2868 00.
1141 2809 1235 2869 desid.

129 2886 257 2959 Triarius
277 2890 372 2965 (C).
392 2888 524 2949 laudatus
544 2911 560 2949 a
581 2892 643 2950 Cic.
664 2890 818 2955 inBrttto‚
838 2904 868 2949 et
887 2889 908 2946 1.
924 2908 949 2947 r.
969 2887 1144 2948 definitus.
1164 2888 1236 2967 Ejus
1340 2909 1346 2915 “
1459 2872 1465 2880 .

81 2966 246 3028 Orationem
269 2987 352 3028 vocat
373 2969 488 3049 plenam
508 2970 652 3031 litteratae
671 2970 844 3031 senectutis.
865 2968 982 3029 Indicit
1001 2970 1182 3038 etiam.eum
1200 2971 1237 3029 in

78 3048 216 3129 Histor..
236 3066 265 3110 et
284 3048 409 3109 Partitis
431 3050 512 3111 tilde
533 3069 678 3111 versatum
699 3048 807 3112 fuisse.
829 3052 900 3125 Ejus
918 3052 1030 3133 Scripta
1050 3049 1142 3111 desid.
1234 3076 1240 3088 =

128 3127 403 3201 Triarius,Rhetor,
424 3132 530 3191 citatus
550 3152 615 3191 cum
637 3132 721 3192 laude
739 3134 835 3192 aS'eu.
847 3131 1020 3191 incuntroo.
1034 3132 1126 3192 Dceo
1137 3149 1241 3195 tamen

80 3211 145 3273 ait:
165 3212 366 3286 compositione
379 3213 521 3271 uerborum
542 3213 615 3271 belle
639 3214 793 3273 cadentium
813 3214 920 3272 maltos
938 3210 1130 3272 Scholastitor
1148 3214 1241 3273 betia«¹

79 3292 185 3351 mando
206 3291 383 3353 delectabat:
404 3310 496 3351 omnes
516 3294 681 3369 decipiebat.
702 3294 799 3355 nudie
819 3297 954 3376 insuper.
965 3292 1183 3375 reprehendisse
1202 3296 1237 3356 in

79 3372 208 3453 quadam
231 3370 506 3450 Controuersia‘ejus
526 3372 603 3433 dicta
637 3376 786 3436 laudantes
795 3384 807 3433 'r
829 3394 888 3455 quo
908 3371 1028 3445 effecit,
1048 3394 1082 3433 ut
1101 3376 1238 3459 deinceps

79 3454 174 3515 etiam
196 3450 231 3513 ab
251 3454 316 3537 ipso
336 3452 409 3513 bene
429 3454 508 3515 dieta
528 3456 638 3517 tardius
657 3456 750 3537 aliqui
770 3454 945 3521 laudarent.
963 3456 1087 3517 iusidias
1107 3455 1215 3517 ueriti.

516 3534 716 3599 'corollarium
743 3534 793 3595 71.

90 3636 96 3645 ·
129 3610 247 3673 Tribuni
268 3614 382 3699 plebis,
404 3616 456 3696 qui
476 3632 557 3676 erant
577 3615 674 3678 Plebis
695 3616 786 3680 veluti
807 3617 952 3690 Patroni,
975 3633 1005 3679 et
1023 3618 1149 3680 Tutores
1167 3636 1237 3679 con·

77 3712 127 3756 tra
150 3697 311 3766 l’atticios.
333 3714 436 3780 magna
464 3697 635 3758 auctoritate
655 3700 767 3760 Romae
788 3698 959 3779 pollebant.
990 3700 1032 3759 Hi
1053 3718 1120 3759 ante
1140 3700 1244 3765 saltas.

76 3776 211 3846 Curiae.
231 3776 269 3835 ad
288 3778 374 3858 qua'm
396 3776 503 3837 intrate
523 3778 566 3838 eis
586 3798 649 3837 non
668 3776 789 3849 licebat,
811 3778 945 3839 subsellia
966 3798 1015 3839 sua
1028 3777 1191 3850 habebant.
1206 3798 1237 3842 et

74 3857 206 3922 Decreta
226 3858 397 3919 Scottorum
417 3857 644 3941 diligentissime
663 3859 893 3927 examinabant,
920 3876 954 3919 ut
974 3860 1055 3941 siqua
1075 3860 1244 3942 improbas-⁸
1333 3924 1337 3933 ,

76 3956 170 4004 aeut.
191 3954 251 3997 rats
271 3959 330 4001 esse
350 3958 412 3998 non
433 3939 561 3998 sinerent
574 3964 582 3999 .·
603 3942 646 3999 lta
667 3960 703 4005 ue
723 3939 1139 4002 veteribusmatusconsultis
1159 3942 1239 4024 litte,

77 4034 112 4077 rs
139 4016 349 4161 Tp²dd⁹i³1⁸m¹
367 4019 406 4083 ad
425 4017 630 4096 indicandum.
682 4014 837 4101 naturis.
850 4020 967 4105 probata
986 4018 1076 4165 fuist:
1087 4066 1094 4081 ·
1114 4023 1239 4106 Opous·
1278 4018 1280 4020 ’

193 4118 240 4163 ars
294 4144 304 4163 .
