3317 4817
77 423 84 449 ἰ
127 403 276 485 Castricius
286 406 299 488 (
308 403 371 489 T),
383 404 512 482 uiuos,
534 405 571 470 h.
590 411 686 472 Gellii
697 455 704 480 ‚
717 421 748 472 ct
767 407 894 471 Adriani
907 390 1127 499 Impmagister
1138 459 1146 473 ·
1158 356 1232 491 'lfauf

92 487 167 553 datur
187 512 203 552 a
223 489 290 551 Gel.
311 491 331 549 l.
346 513 391 551 cr.
406 509 428 550 c.
444 511 490 562 13.
501 491 586 561 NN..
605 491 656 554 ubi
675 487 790 554 affertur
810 494 935 571 Castririi
949 495 1231 574 ‚judiciumdeoea-

90 574 156 632 rlorre
177 571 343 634 Gracchana
363 575 396 632 ih
408 562 451 650 P.
471 573 636 654 Popilium.
773 620 776 627 ,

92 659 99 672 “
127 652 324 731 caramagna
335 651 460 723 ,haeret
472 652 638 740 itrPhrygia
657 655 721 715 orti
736 655 771 715 itt
789 651 849 716 line
871 676 896 716 2.
907 655 1154 721 holusculum
1173 653 1232 715 ini·

90 736 129 795 'rio
153 757 176 813 3.
194 739 325 794 ductore
345 733 500 793 Montano.
513 736 602 794 Vitae
620 737 834 804 austeritatem,
847 754 876 795 et
896 737 1021 820 rigorem
1040 733 1231 797 affectabant}

90 814 264 876 lnducebant
284 831 374 876 noras
394 817 571 876 ceremonias
583 861 591 885 ,
604 831 633 875 er
655 831 730 876 nota
750 818 862 895 jejunii
883 833 986 877 contra
1005 835 1115 876 morem
1135 815 1230 876 Eccle-

89 898 157 956 siae.
178 891 350 979 Negabant,
377 895 497 954 salutem
518 895 606 956 semel
626 895 718 977 lapsos
737 897 877 978 consequi
898 914 994 976 posse.
1016 897 1170 976 hormines
1193 890 1231 955 ad
1260 932 1264 940 ι

90 997 176 1038 sacros
196 975 323 1035 Ordines
342 975 556 1036 admittebant.
576 977 764 1036 Damnabant
792 977 930 1036 secundas
955 977 1092 1058 nuptias.
1112 974 1230 1033 Monta·

88 1070 145 1126 rar,
166 1059 263 1116 &crte
282 1051 508 1121 narrationis
525 1067 671 1125 austerus,
692 1053 852 1125 fanaticus,
874 1074 905 1116 et
924 1075 1040 1126 vanus,
1060 1056 1179 1138 plenum
1199 1073 1230 1114 se

90 1137 197 1218 Spiritu
216 1139 320 1195 Sancto
341 1137 469 1216 primurn
489 1135 669 1205 dictitabat,
691 1136 852 1216 eodemque
879 1137 978 1218 plenis
997 1137 1067 1197 duas
1094 1138 1232 1199 insanas.

25 1281 31 1292 ς
88 1235 153 1300 quas
171 1215 335 1278 seduxerat,
353 1213 517 1284 foeminas.
533 1213 714 1275 affirmabat:
737 1231 768 1275 et
787 1217 905 1277 demum
919 1261 927 1286 ,
940 1237 969 1276 ae
988 1217 1130 1298 Spiritum
1151 1217 1233 1276 Para·

90 1297 195 1358 ‘cletum
216 1312 275 1354 esse
293 1292 474 1354 confidenter
493 1293 601 1374 alebar.
621 1295 768 1364 Priscilla,
794 1309 824 1355 et
896 1296 1014 1365 incilia,
1027 1297 1089 1366 rel,
1111 1313 1144 1356 nt
1163 1295 1231 1355 aliis

35 1408 39 1416 κ
87 1379 90 1393 “
110 1377 196 1446 lacet,
207 1375 383 1444 Maximilla,
396 1393 481 1445 se,et
501 1373 667 1456 prophetiae
686 1376 767 1442 dono
788 1394 853 1456 prae
876 1378 931 1436 iras
948 1375 1148 1456 jictabant,et
1160 1374 1235 1435 mul-

87 1395 117 1516 ξι
136 1453 340 1516 bacchantium
360 1472 441 1514 more
458 1455 685 1536 praedicebant.
705 1455 753 1514 Ab
772 1457 860 1535 Asiae
879 1457 903 1514 E
925 1458 1031 1537 iscopis
1058 1456 1139 1516 illico
1159 1457 1232 1515 erro·

89 1557 130 1596 res
150 1537 223 1606 isti,
244 1553 273 1595 cr
293 1545 391 1595 eorum
413 1539 541 1595 auctor't's
561 1534 693 1596 damnati
712 1476 1236 1598 futrum.²NihilominusTertullia·

89 1628 170 1681 nus,
184 1617 282 1698 magni
294 1661 303 1684 ,
317 1617 367 1674 sed
387 1609 462 1675 duri'
473 1615 519 1674 vir
538 1616 663 1698 ingenii,
677 1613 869 1683 Marcionitas
881 1614 1011 1678 adhaesit
1025 1616 1033 1686 ,'
1054 1632 1083 1676 tt
1103 1635 1155 1699 pro
1175 1611 1237 1675 illia

90 1699 142 1757 scri
166 1697 223 1764 sit,
243 1717 259 1755 a
280 1697 423 1762 Romanis
442 1694 615 1776 quibusdum
636 1695 758 1760 Clericis
776 1691 930 1758 offensus.
962 1695 1104 1754 Montani·
1119 1697 1240 1777 Scripta
1328 1746 1330 1752 .
1395 1707 1397 1711 ’

92 1717 171 1836 nulhr
193 1791 363 1856 supersunt.
376 1777 459 1854 Quae
479 1775 575 1833 edidit
629 1775 782 1834 rtullianus
803 1793 855 1856 pro
875 1771 1236 1845 restaurandarum

90 1856 261 1924 nonnulla,
284 1853 377 1916 adhuc
397 1871 542 1914 exstant.
594 1855 642 1914 ide
667 1855 860 1914 Tertullianus
878 1857 913 1915 in
937 1853 972 1914 T.
993 1857 1071 1915 Vide
1098 1857 1189 1916 etiarn
1208 1856 1236 1914 S.

86 1939 172 1996 Hier.
196 1937 342 2010 inprisr.
363 1933 399 1994 ad
420 1935 605 2000 Marcellam,
627 1933 678 1994 ubi
698 1931 1036 1995 Moaraairrar'bteriter
1055 1927 1204 2019 exagitat,
1261 2005 1265 2013 ‚

84 2029 88 2037 ·
133 2015 266 2085 Gothori,
288 2014 393 2074 haeret.
414 2029 521 2096 praeter
542 2016 651 2075 Notati
672 2034 796 2086 errores,
818 2033 848 2075 se
867 2018 932 2076 aine
951 2033 1067 2097 peccaro
1088 2034 1147 2075 esse
1166 2020 1242 2096 prae·
1318 2013 1321 2016 ’

92 2096 231 2156 dicabant
252 2097 497 2174 ministrantia,
511 2099 604 2176 'seque
625 2101 731 2176 puros,
744 2113 801 2156 ¹sert
815 2092 952 2154 catharos
971 2095 1168 2190 appellabant.
1183 2093 1243 2154 Do·

92 2177 197 2236 cebant
226 2177 337 2245 eriam,
358 2172 485 2236 infantes
512 2176 576 2236 eine
592 2181 713 2258 'peccato
733 2175 838 2262 gigni,
857 2192 887 2235 et
917 2194 1017 2245 nasct,
1038 2197 1070 2236 ac
1091 2177 1243 2258 Baptismb

83 2272 155 2315 ¹non
179 2256 326 2338 indigere.
773 2323 774 2326 Ἴ

134 2334 330 2399 catharistae,
356 2333 460 2394 haeret.
480 2335 553 2404 alii,
576 2337 627 2417 qui
655 2333 893 2397 Manichaeorum
913 2333 1027 2396 delitiis
1055 2334 1111 2396 alie
1132 2333 1169 2395 de
1189 2350 1242 2396 suo

95 2415 263 2479 addebant,
279 2427 368 2496 'seque
390 2432 452 2474 non
472 2417 562 2476 modo
591 2435 676 2498 puros
697 2415 855 2485 dicebant,
877 2416 927 2476 sed
955 2414 1173 2485 Purifieatores,
1195 2425 1244 2474 seu

85 2495 291 2557 'Mundacores
301 2497 423 2555 aliorum
435 2513 467 2555 se
477 2517 536 2555 esse
549 2497 689 2576 putabant
701 2539 708 2554 .
720 2496 806 2556 Unde
818 2498 891 2577 ipsis
902 2493 1124 2556 citharistarum
1136 2513 1245 2554 nornen

82 2577 232 2718 ‘icnlqiitum
248 2619 254 2632 .
270 2577 403 2637 Initium
423 2572 527 2639 habuit
547 2577 615 2637 haec
634 2579 772 2641 Secta.ac
793 2581 882 2636 etiarn
903 2577 1084 2659 praecedens,
1103 2577 1177 2634 circa
1197 2592 1243 2635 an.

144 2673 213 2716 trstr
231 2677 252 2715 ·2
296 2699 303 2714 .
574 2709 578 2722 ‚
663 2720 665 2725 ¹

138 2675 316 2806 Coriauhh,
333 2737 430 2818 ¹Virgo
451 2736 671 2806 Alexandrina,
693 2725 853 2816 et'Martyr
866 2733 1010 2818 ¹praeclara
1037 2735 1090 2796 suh
1109 2731 1247 2793 Maximi·

94 2835 137 2878 uo
159 2819 297 2898 Imperat.
318 2823 417 2897 parm.
438 2818 508 2876 Fuit
529 2820 562 2876 in
581 2833 679 2877 tenera
698 2835 790 2876 aetate
810 2814 967 2886 humanis,
981 2815 1144 2875 endirinis
1169 2813 1246 2870 litte·

82 2898 136 2957 ¹ris
156 2897 292 2976 apprime
311 2897 441 2956 erudita.
464 2897 583 2958 Publice
603 2897 765 2976 disputavit
783 2901 864 2974 J'ussu
884 2898 1069 2976 imperatoris
1088 2911 1154 2953 cum
1169 2889 1249 2965 Phil.
1295 2913 1301 2924 ·

84 2975 238 3036 'Ethnicis
257 2976 437 3036 doctioribus
457 2977 537 3038 illius
558 2979 668 3046 aetatis,
680 2977 716 3035 ad
737 2975 770 3035 id
789 2977 1062 3055 delectis,quort'trn
1075 2973 1184 3032 multos
1196 2988 1245 3030 sua
1341 2994 1345 3001 ·

92 3055 268 3138 eloquentia
282 3100 289 3124 ‚
302 3075 332 3114 er
351 3056 530 3132 rationibus,
543 3075 658 3116 ostensa
678 3056 843 3127 idolorum,
856 3075 885 3116 et
905 3055 1047 3137 Ethnicac
1067 3053 1245 3136 superstitio

92 3119 145 3208 nii
170 3137 317 3204 vanitate,
338 3136 374 3195 ad
394 3134 506 3198 Christi
532 3135 619 3196 fidem
640 3137 745 3200 traxit.
990 3142 1008 3148 ‘
1228 3137 1232 3141 ’

140 3215 268 3276 Catilina
288 3212 304 3288 (
314 3217 398 3276 L.Ser
420 3218 464 3275 ius
472 3217 511 3294 ),
530 3219 624 3298 Eques
643 3216 730 3276 Rom.
750 3215 928 3298 competitor
947 3214 1097 3296 Ciceronis
1116 3215 1149 3272 in
1170 3211 1247 3285 Con·

94 3295 220 3359 sulita,
240 3294 276 3353 de
296 3313 354 3376 qno
374 3239 486 3358 Sihlust.
500 3297 550 3366 ait,
564 3295 689 3356 multum
711 3297 899 3376 loquentiae,
919 3315 949 3356 et
970 3315 1068 3377 parum
1090 3293 1249 3374 sapientiaje

84 3373 254 3435 'babuisse
269 3374 376 3434 Contra
398 3397 474 3442 eum,
486 3397 528 3436 res
550 3381 654 3446 novas,
668 3396 735 3436 curn
756 3397 817 3434 aere
830 3377 927 3436 alieno
946 3390 1103 3456 oppressus,
1116 3392 1145 3431 er
1166 3369 1251 3430 titiis

79 3465 355 3537 'coopertusesset,
376 3456 565 3526 molientem,
586 3473 616 3516 ct
636 3458 669 3516 in
690 3454 911 3535 Rempub.cum
932 3453 1034 3514 multis
1053 3454 1120 3514 aliis
1138 3447 1252 3528 conspi-

78 3549 227 3604 ¹cantem,
249 3535 328 3616 plura
347 3536 411 3595 Cic.
423 3537 455 3594 in
469 3537 701 3605 Orationibus,ec
720 3537 831 3596 Sallust.
846 3537 879 3594 in
889 3534 1082 3612 conjuratione
1093 3533 1249 3590 Catilinae.

80 3613 209 3678 'Victus
230 3612 288 3674 fuit
308 3632 373 3675 cttrn
386 3617 513 3676 exercitu
533 3635 585 3676 sno
606 3616 820 3685 senatorio,
835 3614 952 3697 Collega
965 3612 1114 3696 Ciceronis
1134 3613 1255 3671 incon·
1283 3673 1288 3680 ,

92 3697 220 3764 eulatu',
242 3709 271 3753 et
291 3695 364 3754 olim
385 3695 531 3756 Catilinae
550 3697 664 3756 amico.
685 3695 721 3754 lii
740 3691 1002 3761 tribuitur'Oririo'
1017 3694 1052 3752 in
1071 3693 1253 3761 Ciceronem,
1269 3760 1273 3766 ,

94 3777 136 3836 dc
160 3794 217 3856 qua
238 3773 408 3844 dubitatur,
430 3776 616 3860 inlegitima
637 3777 695 3834 sit.
890 3776 894 3782 “
980 3844 984 3849 ,
1170 3846 1175 3854 ‚
1255 3803 1263 3815 ·

142 3855 266 3921 carias,
289 3853 365 3913 Phil.
378 3857 554 3936 Epicureus,
576 3855 612 3913 de
642 3875 700 3936 quo
731 3871 869 3936 tanquam
891 3850 991 3936 parurn
1011 3848 1254 3926 anteavdefuncto

92 3935 349 4020 loquitut⁴cicero
361 3935 393 3994 in
405 3933 497 4014 Epire.
511 3937 548 3996 od
561 3933 688 3995 Cassiam
708 3935 838 4014 ejusdem
851 3951 943 3998 tecue
954 3931 1029 3994 Phil:
1040 3931 1090 4071 Ilii.
1104 3931 1260 4009 'indata

441 4055 448 4070 .
1078 4031 1108 4075 a.
