3317 4817
437 352 555 477 biiict
584 414 718 475 Praetura
740 410 863 482 functo,
885 409 936 495 qui
965 416 1004 474 in
1020 414 1096 475 bello
1115 414 1201 475 civili
1220 409 1348 499 Pompei
1369 415 1472 499 partes
1484 430 1595 481 tecum

425 488 514 551 tuit.
537 494 606 572 Ejus
627 493 714 565 filius,
736 500 782 557 vel
806 515 897 577 nepos
917 493 1039 557 forsitan
1060 494 1117 557 fuit
1136 497 1315 559 P.liutilius
1337 500 1458 575 Lupus.
1475 497 1598 563 liberor,

437 576 544 633 citatus
572 597 587 635 a
617 576 768 654 Quintil,
789 580 840 660 qui
862 579 990 661 Gorgiae
1010 580 1109 637 Libros
1128 580 1163 639 tle
1181 579 1375 641 Schematilus
1402 582 1437 640 in
1458 582 1598 641 Latinum

439 656 550 726 vertit,
572 675 601 716 ct
622 661 660 725 in,
677 660 837 741 Epitornen
864 662 1034 720 contraxit.
1129 690 1140 727 ,-
1186 692 1190 697 ·

432 807 436 818 v
884 742 1069 800 Corollariem
1099 744 1157 803 IV.

476 818 586 878 Littera
608 820 636 877 li
657 820 793 883 cerrima
813 824 903 881 liorn.
917 824 1180 904 appellabatur,et
1200 842 1274 887 teste
1283 824 1361 886 Plut.
1378 824 1411 883 in
1432 822 1601 883 Problemm

438 895 477 958 ob
498 900 614 985 linguae
637 904 755 968 vitrum,
777 906 826 963 vix
849 921 983 983 poterant
1003 908 1068 966 sine
1089 926 1195 989 magno
1216 910 1284 967 nisu
1304 906 1435 966 Romani
1456 926 1520 964 carn
1544 924 1604 986 pto·

438 982 594 1049 nunciare,
616 982 685 1043 licet
706 1004 780 1047 esset
801 987 894 1067 prima
916 985 1018 1047 littera
1036 990 1169 1050 nominis
1195 990 1305 1047 Romae
1327 1033 1337 1057 ,
1356 1006 1386 1047 er
1407 986 1548 1044 Romuli.
1569 988 1606 1044 ln

439 1057 510 1131 hia,
531 1062 647 1122 :taliis
667 1067 765 1127 vocab.
787 1114 794 1136 ,
814 1064 848 1127 in
869 1068 974 1147 quibus
996 1071 1088 1149 prima
1110 1071 1207 1130 littera
1226 1090 1286 1130 crat
1307 1070 1352 1138 lt,
1374 1088 1481 1128 sonum
1505 1066 1530 1125 L
1550 1064 1607 1125 bal·

423 1141 587 1203 burientes
603 1146 751 1209 edebant:
772 1152 847 1209 Cum
870 1148 898 1205 li
920 1152 1032 1209 eratin
1054 1152 1154 1211 medio
1175 1151 1326 1221 vocabuli,
1342 1150 1371 1207 R
1393 1150 1426 1208 in
1446 1148 1470 1207 S
1492 1164 1602 1207 mutare

437 1224 587 1293 solebant,
610 1231 698 1305 etiarn
721 1232 753 1288 in
775 1232 935 1311 scriptura.
957 1234 1042 1291 Hanc
1062 1232 1100 1291 ob
1119 1254 1180 1292 rem
1203 1252 1264 1292 non
1284 1251 1348 1291 tero
1368 1230 1523 1290 invenitur
1545 1228 1603 1285 Fu-

439 1305 498 1363 sius
521 1326 572 1387 pro
593 1307 714 1370 Fttriust
733 1314 864 1378 Valesius
884 1332 936 1393 pro
962 1312 1117 1379 Valerius:
1138 1316 1226 1372 Lases
1246 1312 1429 1396 prolatas:
1450 1310 1531 1370 Dasi
1553 1327 1601 1389 pro

438 1386 540 1448 Dari:
561 1388 658 1449 Asena
679 1414 730 1473 pro
752 1394 870 1453 Arena:
891 1394 1012 1471 Papysii
1033 1417 1085 1477 pro
1114 1396 1254 1472 Papytii.
1275 1398 1352 1454 ltern
1373 1394 1409 1475 in
1429 1389 1488 1449 fine
1508 1390 1602 1448 Arbor

438 1488 491 1549 pro
513 1468 627 1532 Arbor.-
650 1474 784 1545 Clamos,
807 1476 922 1544 Labor,
951 1476 1044 1553 Vapos
1065 1498 1116 1559 pro
1137 1478 1264 1544 Clamor,
1288 1475 1405 1542 Labor,
1434 1471 1550 1546 Vapor,
1571 1489 1602 1530 ut

439 1550 539 1609 videre
559 1569 601 1611 est
621 1556 655 1614 in
675 1558 806 1638 antiquis
827 1558 1091 1638 inscriptionibus.
1114 1560 1170 1618 Pro
1191 1557 1343 1626 Meridies,
1366 1554 1509 1615 Medt'diet
1530 1553 1605 1612 dict·

440 1629 529 1701 bant,
550 1650 623 1697 teste
644 1639 773 1698 Varrone
793 1639 829 1698 de
852 1638 964 1717 Lingua
976 1640 1041 1697 Lat.
1053 1641 1074 1697 l.
1090 1662 1116 1702 r.
1129 1661 1153 1699 c.
1167 1659 1195 1698 ι.

512 1793 665 1869 Arellius,
686 1798 898 1875 haeresiarcha,
918 1803 971 1883 qui
992 1801 1109 1863 vivebat
1129 1824 1152 1876 5.
1166 1799 1372 1861 Eccl.·sectvlo.
1395 1800 1426 1858 Is
1444 1793 1606 1857 confunde·

524 1876 572 1936 bat
592 1882 752 1942 Trinitatis
773 1883 926 1965 personas.
948 1884 1018 1957 Ejus
1038 1884 1210 1963 Scripta‚nt
1229 1885 1319 1942 ttia’rn
1335 1881 1533 1960 'antiquorum
1549 1896 1608 1936 suo·

441 1958 507 2016 r'urn
529 1964 713 2033 sectatorum',
728 1967 892 2045 perierunt.
907 1966 1043 2038 Eiusdem
1062 1983 1164 2024 tamen
1184 1984 1290 2021 errores
1310 1959 1466 2020 instaurati
1490 1956 1527 2017 ab
1549 1960 1606 2015 An·

419 2038 632 2102 *titrinitarir‘s’
650 2042 726 2105 hisce
748 2047 903 2127 postremis
924 2046 1027 2105 seculis
1046 2045 1081 2104 in
1101 2047 1214 2125 Europa
1235 2040 1410 2113 fuerunt,ut
1423 2040 1514 2099 etiam
1531 2038 1607 2106 Arii,

443 2134 473 2177 et
484 2120 653 2257 priscorum
674 2124 883 2187 haereticorum
897 2146 1022 2195 errores,
1044 2146 1126 2205 saepe
1145 2126 1181 2185 ab
1201 2125 1328 2184 Ecclesia
1347 2122 1527 2207 proscripti.

379 2260 382 2267 .
507 2200 635 2275 alellas,
657 2210 755 2272 Poeta,
775 2228 861 2289 quern
883 2206 1033 2267 cavillatur
1052 2208 1140 2267 Mart.
1149 2206 1209 2264 lib.
1220 2224 1266 2264 ιι.
1278 2205 1377 2285 Epigr.
1392 2202 1499 2265 ludens
1510 2202 1548 2261 in
1561 2197 1607 2258 Sa·

444 2276 512 2339 letti
533 2288 657 2348 nomine
677 2286 724 2346 his
748 2290 914 2367 versict'rlis:
1345 2297 1351 2310 '

414 2386 419 2393 ·
691 2369 747 2427 Odi
769 2387 815 2439 te,
837 2372 903 2446 quia
923 2370 1031 2438 bellus,
1051 2390 1080 2429 es
1100 2367 1239 2433 Sabelle,-

685 2451 746 2507 Res
767 2468 808 2509 est
825 2452 929 2527 putida
948 2452 1040 2510 lellus
1053 2497 1060 2522 ‚
1075 2467 1102 2509 et
1121 2450 1279 2510 Sabellus:

688 2532 804 2589 Bellum
825 2534 940 2608 denique
959 2533 1058 2598 malo,
1077 2552 1160 2609 quam
1180 2530 1349 2589 Sabellam

523 2676 528 2685 ,
692 2612 835 2671 Tabescas
856 2615 971 2684 umnam,
994 2612 1114 2683 Sabelle,
1134 2613 1227 2671 belle.
1642 2641 1643 2728 p

447 2684 541 2747 Aliud
561 2686 667 2785 legitur
688 2694 785 2771 Epigr.
800 2696 849 2754 lib.
867 2704 914 2765 6.,
934 2696 1047 2777 inquo
1067 2694 1232 2762 indicatur,
1255 2689 1399 2752 nonnulla
1420 2686 1501 2751 haud
1522 2686 1606 2750 insul·

447 2786 477 2828 sa
499 2771 637 2848 Carmina
657 2796 673 2834 a
693 2773 808 2835 Sabello
829 2775 992 2836 lucubratass
1015 2775 1142 2859 ignoro,
1164 2794 1202 2833 an
1223 2776 1249 2835 is
1268 2777 1310 2835 sit
1641 2783 1643 2902 p

485 2849 804 2937 Sabellus,qui'versus
824 2859 896 2919 adeo
908 2858 1074 2937 impudicos
1094 2856 1225 2915 ediderat
1235 2873 1282 2919 ,ut
1296 2852 1438 2925 Martiali,
1452 2870 1518 2913 non
1540 2848 1606 2911 mul·

443 2938 510 2995 tum
532 2935 651 3014 pudico,
672 2937 883 3019 displicerent,
902 2940 988 3021 eique
1007 2939 1117 2998 diceret
1138 2937 1199 2995 lib.
1215 2957 1261 2993 re.
1276 2936 1361 3013 Epig.
1640 2959 1642 3078 p

661 3025 666 3033 ‘
694 3018 781 3077 Tanti
800 3042 855 3079 noa
876 3037 958 3089 erat,
980 3041 1040 3081 esse
1059 3037 1088 3078 te
1107 3018 1240 3077 disertum

489 3092 606 3166 Sabina,
628 3099 774 3165 Atestina,
793 3102 852 3169 cui,
867 3096 1094 3184 purpureartoga
1113 3096 1227 3167 cultae‚
1247 3112 1331 3178 optat
1344 3096 1432 3155 Mart.
1441 3093 1523 3155 tradi
1541 3110 1605 3153 non·

446 3170 518 3233 durn
540 3178 654 3261 vulgata
675 3183 813 3274 Capnrina
835 3203 884 3243 sua
904 3181 1085 3260 aelemente
1105 3179 1315 3263 quodam‚qui
1335 3177 1371 3236 ad
1393 3178 1549 3261 Euganeas
1564 3174 1604 3233 Al·

446 3272 498 3335 pes
521 3276 614 3319 versus
636 3262 787 3322 Graeciam
811 3262 1253 3345 proficiscebatur.Vichpigr.
1266 3262 1303 3317 ad
1318 3259 1488 3316 Clementem
1501 3260 1551 3315 lib.
1565 3276 1603 3311 ro.
1638 3307 1639 3312 ,

486 3334 661 3411 Sabinaeas,
682 3344 756 3403 adeo
778 3343 901 3428 frigidus
921 3346 1033 3413 Poeta.
1054 3361 1128 3404 teste
1139 3345 1239 3410 Mart..
1253 3359 1286 3401 ut
1307 3358 1405 3419 posset
1426 3340 1605 3419 Neronianas
1638 3325 1640 3424 l

430 3414 572 3494 ,thermas
593 3424 653 3481 suis
674 3424 802 3486 versibus
820 3422 1007 3509 refrigerare.
1026 3427 1073 3486 lta
1093 3424 1127 3484 in
1147 3425 1244 3509 Epigr.
1264 3422 1286 3480 l·
1308 3443 1346 3491 ει,
1366 3440 1397 3480 tt
1417 3422 1448 3480 ll!
1469 3420 1544 3489 ²150,
1563 3416 1603 3475 ll·

415 3518 418 3527 ·
447 3502 528 3566 ml
547 3504 743 3565 Faustinum.
993 3504 997 3518 “

488 3580 609 3642 Sabinas
630 3586 641 3662 (
662 3587 778 3649 Caelius
797 3586 831 3663 )-,
851 3586 1078 3649 Iurisconsultus
1103 3607 1151 3649 rna
1172 3605 1225 3647 nae
1252 3582 1330 3667 apud
1350 3584 1471 3665 vespas.
1492 3577 1606 3642 arctoi·

404 3658 408 3669 '
445 3662 536 3722 tatis.
558 3667 679 3747 Scripsit
691 3669 751 3728 Lib.
765 3672 802 3729 acl
822 3664 954 3728 'Edictum
974 3670 1118 3729 Aedilium
1165 3667 1304 3737 aralium,
1323 3663 1451 3727 iitaturn
1472 3686 1488 3724 a
1510 3660 1603 3722 cett.
1636 3667 1638 3776 p

449 3764 479 3811 4·
495 3763 518 3803 c.
530 3763 558 3802 ι.
570 3748 616 3805 De
636 3762 672 3807 eo
693 3750 784 3810 etia'm
805 3744 945 3811 nieminit
964 3752 987 3811 1.
1004 3773 1030 3815 7.
1043 3770 1135 3825 c.4.‚
1155 3748 1209 3811 ubi
1229 3748 1266 3809 de
1285 3746 1386 3811 'Servis
1401 3748 1525 3823 pilearis
1541 3790 1548 3802 .
1567 3740 1602 3801 De

341 3858 343 3861 -
447 3840 484 3879 eo
505 3823 576 3884 item
598 3829 632 3886 in
654 3829 802 3907 Digestis.
989 3885 994 3894 ,
1100 3907 1104 3911 “
1270 3835 1274 3841 ’
1635 3821 1637 3950 i

489 3904 605 3965 Sabinus
626 3908 643 3985 (
659 3912 783 3972 Clodius
805 3913 831 3989 ),
844 3909 971 3983 liberor,
993 3912 1030 3973 de
1049 3934 1108 3997 quo
1118 3915 1163 3975 M.
1174 3916 1289 3983 Seneca,
1304 3914 1365 3992 ejus
1386 3908 1510 3978 salente
1533 3906 1601 3969 uste

445 3982 572 4049 nitvoern
591 3992 816 4057 commendant:
837 3994 926 4069 Erat,
946 3996 1071 4078 inquit,
1092 3994 1317 4057 Selinusiam
1338 3992 1506 4059 urbemn,
1525 4007 1559 4049 ar
1582 3980 1602 4041 ti
