3317 4817
136 412 337 491 asclepiades,
348 415 454 476 Essem
473 410 686 495 Philosophus,
699 430 805 494 atquo
824 431 894 475 cum
905 430 1100 495 quaereretur,
1113 357 1269 497 quiribo,

104 495 138 553 ni
159 499 188 555 ei
208 492 512 557 caecitas'atrulisser?
528 494 782 577 respondebamus
801 512 890 575 puero
910 510 970 556 uno
990 496 1047 555 sim
1067 498 1253 557 comitatior.

50 594 53 604 ‘
100 576 151 635 lta
172 573 235 636 Cic.
261 577 344 633 Tasc.
366 576 430 653 QQ.
452 577 499 635 lib.
515 596 542 639 s.
864 646 869 653 .

105 655 109 663 '
147 655 338 733 Asclepiades,
350 656 473 717 illustris
492 658 607 717 Romae
621 658 833 729 Gramineis
844 656 1011 717 Medicinae
1030 654 1189 727 Professor,
1201 658 1254 737 qui

101 754 183 795 *nora
205 735 343 796 methodo
363 739 548 807 assecuravit
567 740 693 799 remedia
764 736 936 807 rotantibus.
946 737 1169 819 praescribebat.
1188 739 1252 793 Sin-

104 817 251 899 gularium
273 817 308 875 ab
328 838 363 875 eo
383 816 521 877 foctamm
541 820 726 879 curationum
770 819 863 877 marin
876 814 1063 885 Mithridate,
1078 818 1169 877 Ponti
1189 836 1252 899 rege

97 896 274 956 Medicinae
300 898 369 957 artis
390 898 536 965 studioso,
558 898 734 959 desiderium
755 898 889 959 accendit
908 896 983 978 apud
1005 918 1033 956 se
1054 896 1249 970 Asclepiadem

104 974 250 1045 habendi,
263 996 385 1057 eumque
405 978 518 1060 magnis
539 980 674 1059 praemiis
692 978 730 1043 ,ad
750 1000 780 1039 sc
801 979 960 1041 invitavit.
980 978 1083 1037 Dicere
1103 977 1139 1035 de
1159 997 1187 1034 se
1209 995 1251 1033 so·

98 1056 201 1125 ¹lebat,
215 1073 244 1115 se
265 1076 326 1115 non
347 1076 426 1139 aegre
445 1060 617 1122 amiternum
638 1060 748 1139 optimi
768 1059 881 1119 Medici
900 1059 1098 1139 opinionem,
1120 1077 1191 1138 quae
1211 1056 1248 1125 dc

104 1137 172 1215 ipso
192 1154 269 1205 erar,
278 1138 303 1195 si
326 1138 457 1197 Romani
475 1138 631 1220 aliquando
651 1158 717 1199 eum
737 1155 935 1221 aegrotantem
957 1138 1105 1211 viderent.
1128 1139 1187 1197 Nec
1207 1156 1250 1193 ac-

93 1218 234 1351 ιξιτοτανὶι
254 1234 390 1295 unquam,
403 1218 496 1279 donec
517 1219 600 1278 valde
619 1234 704 1279 senet
725 1219 806 1297 lapsu
825 1219 962 1281 scalarum
982 1215 1099 1276 interiit
1119 1235 1186 1297 ante
1203 1235 1249 1274 an.

93 1317 96 1325 ·
137 1339 142 1350 .
156 1296 189 1354 C.
211 1302 277 1372 663.
299 1300 368 1355 Non
379 1296 603 1357 confundendus
613 1314 687 1359 ‘cum
697 1299 872 1374 Asclepiade,
884 1296 987 1358 celebri
999 1298 1109 1355 Romae
1118 1292 1248 1355 Giimm.

93 1376 241 1454 ‘Pompei
265 1378 307 1435 M.
329 1393 421 1435 amate
441 1421 449 1435 .
471 1378 517 1438 Dc
536 1379 655 1438 Medico
675 1378 803 1459 loquitur
831 1396 898 1437 cum
919 1376 1003 1435 laude
1023 1381 1111 1437 Corn.
1134 1376 1248 1439 Celsus:

102 1454 221 1512 Galerio
238 1464 335 1519 autem
355 1453 413 1514 fuit
434 1476 537 1538 parum
554 1458 709 1543 probatus.
730 1455 924 1538 Apuleiusin
944 1454 1067 1517 Fictilis
1087 1476 1154 1517 eum
1166 1472 1248 1515 vocat

103 1553 167 1611 uno
186 1534 248 1613 Hip
287 1553 361 1594 crate
382 1533 570 1597 inferiorem.
598 1539 718 1619 Scripsit
737 1542 772 1599 dc
797 1538 868 1597 Vino
888 1540 1011 1617 aegrotis
1031 1536 1149 1597 dando:
1169 1536 1249 1617 quod

103 1616 188 1693 Opus
208 1635 223 1672 a
245 1555 344 1673 ilitio
364 1618 469 1675 citatur
490 1616 597 1687 tiata
610 1617 649 1676 H.
663 1618 831 1699 discripsit
853 1619 940 1677 etiam
963 1618 1118 1695 libunum
1139 1617 1172 1672 de
1185 1615 1252 1671 Mu-

103 1710 148 1750 sto
158 1736 165 1760 ‚
177 1708 209 1760 et
227 1696 340 1776 magnis
360 1696 492 1755 laudibus
505 1696 657 1759 reeusarit
668 1699 793 1759 Herbam
804 1744 812 1769 ,
823 1716 895 1777 quae
914 1697 1090 1759 aBotanicis
1103 1694 1251 1753 Anthemis

103 1772 278 1852 appellatur.
300 1772 345 1832 De
365 1781 426 1854 ejus
446 1772 628 1858 Schola-agit
648 1779 725 1839 Plin.
747 1779 787 1838 Η.
803 1780 843 1839 N.
863 1779 885 1836 1.
900 1798 962 1846 14„
986 1796 1052 1839 ιο..
1065 1792 1091 1832 et
1108 1797 1153 1844 30.
1181 1775 1252 1843 Scri-

101 1852 210 1910 bonius
230 1856 335 1937 Largus
356 1858 518 1915 maximum
538 1858 871 1920 Medicinec'auctorcm
892 1875 958 1915 eum
981 1873 1201 1935 vocat,eoque,
1223 1871 1252 1916 et

101 1932 234 2000 medico,
256 1950 284 1991 et
305 1937 399 1995 amico
420 1937 552 1997 utebatur
572 1939 703 1997 Crassus.
724 1938 802 1999 vide
822 1939 885 1999 cic.
906 1938 927 1994 1.
942 1956 968 1996 a.
987 1938 1021 1996 de
1042 1935 1176 2003 Oratore.
1197 1932 1250 1995 ubi

104 2010 282 2085 Asclepiadis
302 2014 468 2093 eloquentia
489 2017 631 2078 laudatur.

144 2090 292 2163 Asperius,
307 2094 468 2163 Ravennae,
484 2099 666 2159 Demetriani
685 2094 724 2159 fil.
746 2101 858 2175 Romae
878 2096 980 2159 docuit
1001 2096 1054 2159 sub
1075 2096 1157 2158 Alex.
1171 2097 1251 2171 Seve-

100 2188 148 2228 ro.
169 2172 289 2249 Scripsit
310 2176 400 2235 varias
424 2178 581 2238 Orationes
600 2194 699 2239 contra
721 2181 953 2244 Aristonem,et
974 2176 1144 2238 maiedicos.

139 2263 235 2323 Asper·
253 2250 351 2312 Gram.
365 2256 461 2313 edidis
482 2257 698 2317 Commentarios
718 2261 757 2322 in
772 2261 877 2341 Virgil.
890 2276 920 2325 ct
938 2251 1127 2320 Sallustium.
1148 2258 1197 2315 lta
1217 2253 1246 2315 S.

84 2331 223 2387 Hieron.
236 2332 268 2387 in
290 2334 383 2411 priore
396 2336 550 2417 ,Apologia
570 2354 670 2397 contra
681 2338 831 2399 Ruffinum
842 2384 848 2395 .
860 2338 975 2401 Flosuit
988 2357 1057 2396 ante
1069 2329 1250 2412 Adrianuin,

101 2426 131 2465 et
159 2410 255 2466 Velius
276 2413 389 2490 Longus
411 2417 499 2475 ctiam
521 2417 729 2495 appellabatur.
750 2419 872 2498 Scripsit
891 2417 927 2477 de
949 2408 1178 2493 orthographia.

138 2490 165 2547 S.
174 2490 314 2561 Asterius,
328 2496 465 2553 Amostae
474 2496 588 2555 Ptaesul
601 2496 653 2555 sub
661 2500 795 2560 Honorio
804 2538 812 2562 .
821 2503 904 2570 cujus
923 2512 1045 2571 exstant
1060 2490 1253 2576 politissimos

98 2566 324 2633 Homiliaetirca
331 2589 377 2631 an.
389 2570 500 2635 Christi
511 2596 578 2647 400.
587 2576 756 2637 lucubratae.
765 2578 949 2657 AliaScripta
957 2575 1105 2645 baronetti
1114 2576 1251 2634 intercid.

137 2729 332 2796 Athanasius,
350 2735 470 2802 Orator,
482 2736 562 2811 eujus
583 2732 748 2797 facundiam
763 2736 962 2799 'excellentem
975 2735 1072 2797 laudat
1092 2728 1251 2795 Diomedes

100 2810 241 2868 Gram.ei
273 2812 355 2871 sbros-
373 2831 438 2874 suos
458 2814 616 2874 dedicans.
1069 2846 1071 2849 ⁴

134 2888 322 2955 Athanasius,
335 2894 552 2953 Alenandrinus
572 2896 702 2975 primum
724 2898 873 2959 Diaconus
883 2942 891 2966 ,
903 2915 933 2957 et
945 2912 1043 2976 postea
1055 2895 1196 2960 Antiates,
1208 2890 1246 2951 ob

95 2987 177 3027 suam
200 2970 362 3029 doctrinam
378 3008 394 3040 ,·
407 2990 437 3031 et
458 2976 641 3034 sanctitatem
666 2978 784 3037 Asianis
805 2975 1017 3045 formidabilis,
1031 2993 1061 3035 et
1081 2972 1248 3035 Catholicae

93 3046 240 3108 Ecclesiae
260 3070 397 3133 magnum
411 3054 516 3111 decus.
538 3056 723 3115 Asianorum
738 3058 874 3125 insidias,
886 3075 915 3115 et
925 3057 1034 3115 rabiem
1055 3053 1191 3137 fugiens,
1212 3054 1245 3114 in

95 3129 214 3197 Gallias,
229 3130 336 3191 sci-sua
350 3148 462 3211 sponte,
479 3133 522 3192 vel
532 3136 734 3204 Constantini,
748 3135 783 3195 ab
791 3137 911 3195 Arianis
923 3136 956 3193 in
966 3134 1161 3195 Athanasium
1173 3132 1248 3191 calu·

94 3209 189 3266 mniis
209 3211 343 3278 excitati,
367 3216 444 3286 jussu
465 3213 593 3282 secessit,
617 3233 646 3274 et
667 3214 718 3274 hac
740 3219 890 3274 occasione
912 3217 1037 3274 Romam
1058 3213 1200 3296 perrexit,
1213 3228 1245 3274 ut

93 3286 156 3345 illic
177 3286 314 3347 derebus
336 3291 497 3351 Orientalis
518 3292 659 3353 Ecclesiae
679 3316 745 3355 cum
768 3291 924 3358 epomis.
937 3314 1053 3377 ageret.
1075 3294 1160 3353 Plura
1180 3292 1253 3350 scri-.

94 3367 153 3446 psit
165 3384 264 3426 contra
280 3372 405 3429 Arianos
417 3372 428 3447 (
440 3374 490 3451 qui
503 3392 546 3431 sac
568 3394 583 3432 e
596 3394 661 3433 eum
676 3376 713 3435 ad
729 3394 828 3433 necem
843 3374 1046 3455 quaesiverunt
1054 3375 1072 3452 2
1085 3393 1136 3453 pro
1148 3373 1249 3431 Nicae-

98 3464 136 3504 na
150 3444 222 3515 lide,
235 3468 306 3529 quae
320 3451 424 3530 scripta
437 3452 534 3529 procul
556 3452 625 3513 ubio
638 3454 736 3523 illico,
751 3455 796 3513 vel
816 3454 852 3514 ab
871 3457 945 3534 ipso,
957 3454 1004 3512 -vel
1024 3450 1059 3511 ab
1079 3452 1138 3513 alio
1159 3452 1192 3508 in
1213 3448 1249 3507 la·

93 3527 193 3583 tinum
216 3547 293 3587 versa
315 3526 451 3598 fuerunt,
473 3547 505 3590 ut
526 3532 656 3591 antidoti
684 3533 747 3593 loco
773 3552 870 3593 essent
899 3535 934 3591 in
954 3532 1123 3611 Occidente
1143 3546 1244 3606 contra

91 3602 227 3673 hauries,
249 3626 279 3665 et
308 3628 413 3669 errores
434 3610 633 3682 Asianorum,
653 3616 705 3692 qui
734 3614 840 3695 dogma
864 3632 972 3684 snum,
998 3614 1164 3693 praesertim
1193 3606 1246 3666 sub

96 3686 295 3756 Constantio,
317 3708 346 3747 et
367 3690 490 3748 Valente
512 3693 633 3771 imper..
655 3696 705 3771 qui
726 3694 768 3751 eis
789 3691 944 3763 favebant,
967 3712 1093 3772 spargere
1113 3711 1161 3776 per
1182 3688 1247 3769 utti-

94 3784 209 3823 rersum
223 3766 331 3827 Orbem
353 3771 537 3853 satagebant.
557 3774 717 3833 ScHicron.
731 3773 767 3831 ad
794 3776 910 3833 Laetam
932 3772 1057 3831 scribens
1077 3770 1114 3829 de
1142 3765 1247 3829 filiolae

29 3896 36 3915 ,
95 3843 212 3903 Paullae
232 3847 633 3911 instinctionteicurandum
654 3852 737 3920 dicit,
751 3869 783 3911 ut
823 3852 1010 3911 sandiuscula
1032 3851 1165 3925 Cypriam
1185 3868 1249 3923 opu·
1336 3872 1340 3878 ¹

97 3926 180 3982 scala
201 3930 454 4003 utaperiamus
475 3946 585 3998 teneat,
601 3929 760 3991 Athanasii
787 3874 934 4007 dhisroias
945 3975 955 4008 ,
976 3947 1002 3989 et
1030 3931 1138 3989 Hilarii
1165 3927 1253 3991 libsii

1029 4008 1087 4090 fa
