3317 4817
459 408 500 447 aa
567 442 571 449 i
607 422 638 434 ι·
963 382 1026 445 ΑΜ

416 468 536 539 tatorias
555 478 655 524 contra
675 454 832 523 Ethnicam
854 460 1094 542 superstitionem·
1112 458 1395 567 auhneivlgmte'm,
1417 488 1452 530 ac
1468 474 1563 537 chatra

417 544 588 609 haereticam
610 545 754 602 insaniam
777 544 965 624 impetravit.
986 546 1065 604 Huic
1086 548 1195 603 eximio
1215 547 1323 614 latinae
1336 550 1418 610 'Eccl
1439 554 1560 613 Ductori

417 626 503 698 debet
522 624 646 684 Ecclesia
672 626 699 681 S.
722 628 922 704 Augustinum
955 643 1037 683 antea
1068 624 1293 693 Manichaeum,
1315 646 1350 688 et
1366 629 1473 691 multos
1491 634 1563 695 alios

416 702 589 776 haereticos,
603 722 631 761 et
652 701 794 762 Ethnicos
814 705 849 763 ad
871 702 1123 772 Christianarum
1137 705 1319 769 catholicam
1340 706 1427 768 fidem
1448 731 1562 771 contu.

417 806 477 856 sps.
499 787 567 862 Ejus
588 786 697 862 Scripta
718 802 785 842 sunt
807 786 976 848 notissima,
989 805 1109 863 quorum
1134 790 1224 845 multa
1244 787 1364 845 arbitror
1386 789 1421 848 ad
1435 810 1489 849 uos
1502 812 1561 851 non
1650 802 1651 807 ’

415 862 594 947 pervenisse.
616 866 696 922 Inter
717 884 765 929 ea,
778 883 849 944 quae
869 864 1020 945 leguntur,
1035 884 1102 925 sunt
1124 868 1216 945 plures
1237 868 1367 942 Hymni,
1409 870 1493 929 uibus
1513 874 1561 932 Eo

414 945 500 1005 elesia
520 947 552 1002 in
574 944 681 1003 diurno
701 942 797 1001 officio
818 941 929 1002 utitur.
951 944 1023 1003 Sunt
1044 949 1133 1005 etiam
1156 948 1313 1006 nonnullae
1327 944 1403 1007 'brut
1422 970 1465 1009 tes
1493 952 1560 1011 Ora-

414 1022 512 1086 tiones
534 1042 640 1103 praeter
660 1024 754 1081 Sacrae
776 1024 901 1103 Paginae
915 1024 1129 1095 doctissimam,
1143 1043 1171 1083 et
1196 1027 1382 1086 utilissimam
1404 1032 1560 1112 expositio·

411 1124 502 1177 ⁴nent.
523 1105 600 1164 Vide
613 1103 782 1167 Gratianus„
793 1102 994 1177 Symmachus}
1012 1104 1185 1163 Theodosius
1205 1108 1238 1163 in
1259 1108 1318 1165 suis
1339 1107 1461 1167 litteris.
1473 1108 1559 1169 Obiit
1650 1174 1651 1177 ,

415 1184 597 1321 sanctissinpe
617 1202 663 1242 an.
684 1181 795 1250 Christi
814 1185 928 1243 circiter
952 1186 1016 1260 397.
1038 1176 1169 1267 post'an.
1183 1208 1228 1245 22.
1249 1187 1461 1267 Episcopatus.
1483 1190 1562 1251 Vide
1650 1244 1651 1249 ,

415 1266 494 1325 Hist.
515 1266 589 1325 Ecc.
998 1284 1002 1292 ’
1456 1312 1458 1319 1
1650 1286 1651 1293 ’

337 1404 340 1407 ,
456 1343 584 1410 Amelius
606 1344 725 1401 natione
744 1340 897 1403 Ethruscus
918 1342 998 1410 Phil,
1007 1344 1119 1404 Platon.
1133 1345 1247 1404 Plotini
1267 1346 1397 1415 auditor,
1421 1347 1559 1431 Origenis
1650 1346 1651 1411 l

355 1457 357 1462 ,
412 1420 535 1495 Ethnici
556 1421 631 1485 Phil.
646 1468 652 1487 ,
667 1440 695 1481 et
715 1420 870 1502 Porphyrii
891 1424 1001 1483 Romae
1021 1425 1238 1503 condiscipulus
1251 1426 1402 1485 Aureliani
1423 1429 1557 1506 lmp'erat.
1650 1448 1651 1457 ¹

413 1503 607 1585 temporibus.
629 1502 776 1583 Scripsisse
797 1504 918 1563 traditur
939 1503 1025 1562 libros
1047 1526 1113 1561 roo.
1135 1506 1364 1561 Observationum
1385 1526 1420 1563 ex
1444 1509 1558 1566 Plotini
1582 1514 1584 1517 ’
1650 1550 1651 1555 κ

414 1582 566 1662 doctrina,
588 1603 617 1643 et
638 1582 906 1661 disputationibus:
927 1585 999 1643 item
1021 1584 1068 1641 lib.
1091 1586 1124 1641 de
1154 1582 1305 1661 diffitentis
1324 1586 1464 1643 doctrinae
1489 1586 1558 1644 Plo.
1650 1600 1651 1651 l

413 1664 480 1731 tini,
502 1682 531 1721 et
551 1664 696 1721 Numenii.
719 1664 845 1721 Demutri
867 1664 930 1720 libb.
949 1686 991 1743 3⁰·
1007 1682 1101 1721 contra
1122 1663 1315 1739 apochriplznm
1340 1666 1387 1721 lib.
1397 1665 1557 1725 Zostriani.
1650 1686 1651 1733 l

408 1729 464 1824 [Ita
480 1740 638 1805 Brutlrerus
657 1743 689 1800 in
701 1744 779 1801 Hist'.
795 1740 963 1803 PhilPlura
983 1747 1043 1821 ejus
1064 1743 1129 1815 ΟΟ.
1142 1744 1232 1803 desid:
1253 1744 1311 1803 -vel-
1322 1744 1426 1829 mutila
1440 1745 1481 1803 ad
1502 1765 1558 1805 nos

413 1842 625 1908 pervenerunt.
1561 1860 1566 1864 -

411 1978 414 1983 .
452 1903 573 1961 Ammon
592 1905 767 1969 Geometra,
788 1923 838 1983 qur
859 1908 923 1983 post
944 1902 1159 1963 dimensionem
1181 1902 1268 1961 Urbis
1289 1892 1341 1962 suh
1361 1904 1497 1963 Honorio
1517 1924 1558 1964 te·
1650 1958 1651 1973 ,

411 1999 502 2043 status
522 2000 588 2051 est,
610 1988 671 2061 ejus
691 1984 845 2041 circuitum
869 2004 915 2043 22.
936 1983 1072 2043 milliaria
1086 1983 1364 2063 comprehendisse·
1383 1986 1427 2042 lta
1452 1984 1559 2063 Olym·
1650 1996 1651 2055 s

411 2064 549 2143 piodorus
569 2065 679 2134 Histoi.
1310 2120 1313 2125 ,
1440 2112 1444 2117 .
1650 2104 1651 2117 ,

452 2143 616 2201 Ammonius
636 2137 820 2205 christianus
841 2140 916 2203 Phil.
928 2144 977 2223 qui
992 2142 1183 2202 Alexandriae
1197 2142 1328 2222 publicus
1350 2139 1557 2222 Philosophiae
1650 2154 1651 2185 r

411 2218 555 2282 Professor
567 2222 712 2281 auditores
723 2219 824 2284 habuit
842 2223 993 2283 Plotinum
1003 2222 1462 2303 Lycopolitannm,et0riginem
1483 2224 1560 2281 Ada
1650 2254 1651 2287 ,

410 2302 652 2364 maurium.1·“uit
665 2320 739 2363 secta
750 2303 932 2363 Platonicus.
945 2306 989 2363 De
1001 2324 1035 2361 eo
1046 2304 1113 2371 vide
1121 2302 1254 2360 Coelium
1269 2300 1428 2382 ltnongt.
1445 2322 1470 2357 r.
1479 2304 1559 2363 lectt.

410 2379 495 2456 antiq.
517 2400 580 2442 ω.
602 2383 735 2441 Forsitan
755 2381 804 2442 hic
824 2380 882 2441 fuit
904 2386 1083 2450 Ammonius,
1105 2402 1191 2461 quem
1214 2379 1360 2441 Plutarchi
1382 2383 1557 2463 magistrum
1650 2424 1651 2429 κ

408 2456 498 2520 fuisse
517 2460 606 2520 tradit
627 2462 774 2541 Eunapius
799 2462 831 2519 in
853 2462 1034 2540 Praefation'e
1053 2464 1090 2518 ad
1117 2462 1195 2518 Vitas
1215 2461 1292 2521 Phil.
1313 2474 1341 2519 et
1363 2462 1480 2540 dequo
1501 2482 1560 2519 sae·
1650 2470 1651 2479 ¹

401 2559 445 2623 ¹pe
465 2541 632 2601 meminisse
653 2545 694 2601 ait
706 2539 874 2602 Plutarchus
895 2544 927 2599 in
950 2543 1031 2603 libris
1053 2542 1127 2600 suis.
1140 2542 1243 2599 Edidit
1256 2542 1436 2599 Concordiam
1461 2538 1561 2598 Euan·
1650 2538 1651 2571 ³

407 2620 676 2697 gelisrnrunt,cujus
696 2623 815 2700 antiqua
828 2624 930 2680 Verrio
952 2624 999 2681 lat.
1013 2621 1104 2680 desid.
1118 2626 1146 2678 A
1165 2624 1190 2678 S.
1207 2622 1321 2679 Isidoro
1341 2609 1374 2678 iri
1396 2620 1506 2697 Origiu.
1519 2622 1561 2679 ci·
1650 2618 1651 2653 ³

408 2716 486 2760 tatur
507 2703 685 2760 Ammonius
695 2702 837 2759 Alexand.
850 2702 1037 2783 Praesul,qui
1047 2702 1170 2758 Canones
1182 2700 1400 2775 Euangeliornnt
1421 2698 1558 2778 scripsit.
1650 2748 1651 2773 3

445 2780 588 2842 Amoenus
608 2783 717 2851 Poeta,
739 2781 811 2866 qui,
834 2800 907 2841 teste
927 2782 1094 2847 Ricciolio,
1117 2781 1144 2837 ll.
1157 2781 1192 2838 in
1212 2774 1269 2837 lirie
1290 2802 1316 2853 4.
1330 2779 1404 2837 Ectl
1418 2780 1526 2839 seculi.
1650 2782 1651 2799 ²

765 2904 768 2908 f
846 2862 1028 2920 Corollrrriunt
1050 2859 1106 2918 IX.
1650 2912 1651 2917 ,

401 3008 406 3013 ,
443 2940 683 3017 Amphithearrum
705 2944 872 3001 Romanum
892 2961 952 3003 erat
971 2943 1051 3001 locus
1074 2939 1204 3019 publicus
1225 2940 1337 2997 Romae
1355 2936 1558 3017 complectens
1650 2940 1651 2991 ζ

402 3020 496 3082 veluti
515 3019 585 3081 bina
604 3018 742 3081 Theatra.
764 3022 857 3090 Nam,
878 3018 1300 3101 quemadmodumTheatrum
1316 3036 1374 3077 erat
1394 3016 1501 3100 figurae
1515 3038 1563 3076 se·

403 3098 600 3170 micircularis,
619 3100 662 3159 ita
673 3098 915 3175 Amphitheatrnm
937 3121 995 3163 erat
1016 3100 1119 3181 figurae
1140 3100 1247 3179 integri
1268 3097 1443 3164 circulitac,
1465 3115 1498 3156 ut
1520 3099 1559 3155 in
1650 3110 1651 3167 ᾗ

400 3176 527 3239 Theatto
554 3176 661 3239 fiebant
687 3180 845 3260 spectacula
874 3184 1013 3250 Portica,
1035 3181 1175 3247 Comica,
1197 3197 1226 3237 et
1253 3179 1373 3259 Tragisa
1401 3168 1436 3236 ad
1461 3197 1560 3257 popu-

399 3258 424 3330 li
445 3256 689 3329 oblectationem,
713 3263 853 3319 ucetiam
885 3280 1096 3339 nonnunquam
1118 3261 1151 3317 in
1172 3278 1207 3316 eo
1232 3276 1307 3315 nora
1328 3276 1412 3337 opera
1432 3259 1559 3317 Poetica

399 3338 611 3404 recitabantur;
632 3340 674 3401 ita
694 3340 934 3415 inAmpbiteatro
955 3340 1061 3400 fiebant
1082 3340 1143 3397 ludi
1164 3337 1344 3418 gladiatorii,
1369 3338 1557 3406 venationes,
1650 3378 1651 3407 ,

399 3440 466 3480 curn
486 3415 553 3477 feris
574 3419 676 3481 belluis
698 3440 824 3503 pugnae,
841 3442 871 3481 ac
893 3420 1046 3481 conflictus
1061 3420 1171 3485 nautici
1183 3462 1190 3485 ‚
1201 3436 1248 3475 seu
1260 3414 1455 3478 Naumachiae
1468 3420 1560 3497 aquis
1650 3410 1651 3437 l

395 3493 654 3573 inAmphitbeatti
674 3522 765 3562 aream
787 3502 937 3560 deductis.
958 3503 1024 3579 Spar
1045 3498 1142 3557 ebatur
1163 3516 1245 3557 arena
1267 3516 1314 3575 per
1330 3495 1555 3570 ‘Amphitheatri
1650 3498 1651 3511 ¹

395 3580 535 3661 plateam,
555 3599 588 3639 ut
609 3598 768 3661 pugnantes
808 3598 906 3641 ossent
928 3580 1012 3661 pedes
1025 3522 1151 3645 liemare,
1174 3596 1204 3636 ac
1223 3594 1287 3635 non
1308 3578 1350 3635 ita
1371 3596 1481 3655 pronus
1503 3598 1555 3637 ca·

395 3680 443 3723 sus
463 3676 554 3720 esset.
577 3661 688 3720 Praeter
709 3601 953 3736 Amphitheatrum
975 3656 1178 3737 Vespasiani(
1193 3656 1273 3735 quod
1302 3656 1374 3713 adeo
1402 3656 1557 3716 excelsum

396 3756 477 3805 erat,
498 3756 570 3798 teste
581 3740 681 3801 Plinio
702 3740 735 3797 in
757 3740 795 3800 Η.
809 3742 848 3803 N.
860 3758 893 3799 ut
915 3741 993 3798 visus
1013 3734 1145 3797 hominis
1166 3734 1353 3823 virculpren
1374 3739 1552 3818 attingeret,

317 3863 321 3869 .
396 3836 426 3878 et
446 3837 480 3877 ex
500 3822 580 3895 cujus
600 3820 753 3905 lapidibus,
775 3822 825 3899 qui
847 3822 954 3901 integri
975 3818 1119 3879 restabant
1140 3814 1447 3897 ex·Gotbptum,qui
1468 3816 1554 3876 illud

340 3958 343 3963 ,
391 3896 625 3968 combusserunt,
646 3917 753 3982 strage,
767 3900 877 3959 Romae
899 3900 1014 3957 moenia
1035 3897 1087 3956 sub
1108 3896 1335 3987 Rodarico'iege
1355 3892 1460 3955 refecta
1483 3893 1554 3955 fue-

395 3980 482 4050 rint,
503 3988 536 4039 ut·
555 3980 742 4041 Cassiodorus
761 3998 856 4045 narrat
883 3980 893 4057 )
914 3996 994 4039 erant
1015 3979 1104 4038 etiam
1125 3978 1159 4037 in
1180 3976 1556 4059 provinciarumciritati-
