<?xml version="1.0" encoding="UTF-8"?>
<!DOCTYPE html PUBLIC "-//W3C//DTD XHTML 1.0 Transitional//EN"
    "http://www.w3.org/TR/xhtml1/DTD/xhtml1-transitional.dtd">
<html xmlns="http://www.w3.org/1999/xhtml" xml:lang="en" lang="en">
 <head>
  <title>
</title>
<meta http-equiv="Content-Type" content="text/html;charset=utf-8" />
  <meta name='ocr-system' content='tesseract 3.04.00' />
  <meta name='ocr-capabilities' content='ocr_page ocr_carea ocr_par ocr_line ocrx_word'/>
</head>
<body>
  <div class='ocr_page' id='page_1' title='image "./matthaeiaimeric00aymegoog/matthaeiaimeric00aymegoog_0310.png"; bbox 0 0 3317 4817; ppageno 0'>
   <div class='ocr_carea' id='block_1_1' title="bbox 404 302 1648 705">
    <p class='ocr_par' dir='ltr' id='par_1_1' title="bbox 404 302 1648 705">
     <span class='ocr_line' id='line_1_1' title="bbox 451 302 1042 371; baseline -0.007 0"><span class='ocrx_word' id='word_1_1' title='bbox 451 302 522 371; x_wconf 57' lang='lat'>⁷8³⁶</span> <span class='ocrx_word' id='word_1_2' title='bbox 872 347 877 356; x_wconf 48' lang='grc' dir='ltr'>ι</span> <span class='ocrx_word' id='word_1_3' title='bbox 968 302 1042 368; x_wconf 71' lang='lat' dir='ltr'>Pn&#39;</span> 
     </span>
     <span class='ocr_line' id='line_1_2' title="bbox 407 372 1648 472; baseline 0.006 -24"><span class='ocrx_word' id='word_1_4' title='bbox 407 384 614 450; x_wconf 79' lang='lat' dir='ltr'>Nestotian&#39;am</span> <span class='ocrx_word' id='word_1_5' title='bbox 625 388 677 455; x_wconf 77' lang='lat' dir='ltr'>,tt</span> <span class='ocrx_word' id='word_1_6' title='bbox 685 372 893 468; x_wconf 69' lang='lat' dir='ltr'>Eutychiaham</span> <span class='ocrx_word' id='word_1_7' title='bbox 906 380 1034 461; x_wconf 71' lang='lat' dir='ltr'>haereses</span> <span class='ocrx_word' id='word_1_8' title='bbox 1041 380 1220 472; x_wconf 57' lang='lat' dir='ltr'>profligavit,</span> <span class='ocrx_word' id='word_1_9' title='bbox 1236 387 1566 471; x_wconf 64' lang='lat' dir='ltr'>riprent&#39;rrrimomet&#39;</span> <span class='ocrx_word' id='word_1_10' title='bbox 1647 398 1648 429; x_wconf 64' lang='lat'><em>³</em></span> 
     </span>
     <span class='ocr_line' id='line_1_3' title="bbox 408 468 1563 553; baseline -0.001 -23"><span class='ocrx_word' id='word_1_11' title='bbox 408 471 481 540; x_wconf 82' lang='lat' dir='ltr'>sati,</span> <span class='ocrx_word' id='word_1_12' title='bbox 501 472 580 531; x_wconf 81' lang='lat' dir='ltr'>salva</span> <span class='ocrx_word' id='word_1_13' title='bbox 601 472 793 553; x_wconf 75' lang='lat' dir='ltr'>virginitate·⁸</span> <span class='ocrx_word' id='word_1_14' title='bbox 814 472 884 529; x_wconf 91' lang='lat' dir='ltr'>Eam</span> <span class='ocrx_word' id='word_1_15' title='bbox 906 468 1036 528; x_wconf 70' lang='lat' dir='ltr'>laudaris</span> <span class='ocrx_word' id='word_1_16' title='bbox 1056 471 1085 531; x_wconf 78' lang='lat' dir='ltr'>S.</span> <span class='ocrx_word' id='word_1_17' title='bbox 1098 472 1156 529; x_wconf 79' lang='lat' dir='ltr'>Leo</span> <span class='ocrx_word' id='word_1_18' title='bbox 1178 472 1253 551; x_wconf 74' lang='lat' dir='ltr'>Papa</span> <span class='ocrx_word' id='word_1_19' title='bbox 1266 511 1275 535; x_wconf 72' lang='lat'><em>2</em></span> <span class='ocrx_word' id='word_1_20' title='bbox 1286 474 1312 529; x_wconf 85' lang='lat' dir='ltr'>S.</span> <span class='ocrx_word' id='word_1_21' title='bbox 1325 472 1452 548; x_wconf 75' lang='lat' dir='ltr'>Cyrill‘us</span> <span class='ocrx_word' id='word_1_22' title='bbox 1466 472 1563 540; x_wconf 64' lang='lat' dir='ltr'>Alex„</span> 
     </span>
     <span class='ocr_line' id='line_1_4' title="bbox 404 549 1561 620; baseline 0 -9"><span class='ocrx_word' id='word_1_23' title='bbox 404 571 437 611; x_wconf 84' lang='lat' dir='ltr'>et</span> <span class='ocrx_word' id='word_1_24' title='bbox 457 554 509 611; x_wconf 85' lang='lat' dir='ltr'>alii</span> <span class='ocrx_word' id='word_1_25' title='bbox 529 554 576 612; x_wconf 87' lang='lat' dir='ltr'>sui</span> <span class='ocrx_word' id='word_1_26' title='bbox 595 556 660 611; x_wconf 86' lang='lat' dir='ltr'>aevi</span> <span class='ocrx_word' id='word_1_27' title='bbox 682 554 799 611; x_wconf 71' lang='lat' dir='ltr'>Patres:</span> <span class='ocrx_word' id='word_1_28' title='bbox 817 550 906 609; x_wconf 83' lang='lat' dir='ltr'>Vidt-</span> <span class='ocrx_word' id='word_1_29' title='bbox 917 552 995 611; x_wconf 80' lang='lat' dir='ltr'>Hist.</span> <span class='ocrx_word' id='word_1_30' title='bbox 1014 549 1091 611; x_wconf 69' lang='lat' dir='ltr'>Eccl.</span> <span class='ocrx_word' id='word_1_31' title='bbox 1113 550 1191 620; x_wconf 75' lang='lat' dir='ltr'>Vidje</span> <span class='ocrx_word' id='word_1_32' title='bbox 1203 552 1306 612; x_wconf 88' lang='lat' dir='ltr'>etiam-</span> <span class='ocrx_word' id='word_1_33' title='bbox 1320 554 1460 613; x_wconf 70' lang='lat' dir='ltr'>Eudone</span> <span class='ocrx_word' id='word_1_34' title='bbox 1475 554 1512 611; x_wconf 85' lang='lat' dir='ltr'>in</span> <span class='ocrx_word' id='word_1_35' title='bbox 1524 552 1561 611; x_wconf 82' lang='lat' dir='ltr'>E.</span> 
     </span>
     <span class='ocr_line' id='line_1_5' title="bbox 405 626 1042 705; baseline -0.011 -12"><span class='ocrx_word' id='word_1_36' title='bbox 405 634 495 695; x_wconf 89' lang='lat' dir='ltr'><strong>Obiit</strong></span> <span class='ocrx_word' id='word_1_37' title='bbox 519 633 701 693; x_wconf 82' lang='lat' dir='ltr'>sanctissime</span> <span class='ocrx_word' id='word_1_38' title='bbox 725 651 773 691; x_wconf 88' lang='lat' dir='ltr'>an.</span> <span class='ocrx_word' id='word_1_39' title='bbox 793 628 907 691; x_wconf 85' lang='lat' dir='ltr'>Christi</span> <span class='ocrx_word' id='word_1_40' title='bbox 927 652 964 703; x_wconf 90' lang='lat'>45</span> <span class='ocrx_word' id='word_1_41' title='bbox 971 626 1042 705; x_wconf 73' lang='lat'>3.&#39;-&#39;:</span> 
     </span>
    </p>
   </div>
   <div class='ocr_carea' id='block_1_2' title="bbox 830 710 1309 785">
    <p class='ocr_par' dir='ltr' id='par_1_2' title="bbox 830 710 1309 785">
     <span class='ocr_line' id='line_1_6' title="bbox 830 710 1309 785; baseline -0.004 -16"><span class='ocrx_word' id='word_1_42' title='bbox 830 710 1017 769; x_wconf 70' lang='lat' dir='ltr'>Caralitanum·</span> <span class='ocrx_word' id='word_1_43' title='bbox 1042 710 1136 769; x_wconf 75' lang='lat' dir='ltr'>xllt.</span> <span class='ocrx_word' id='word_1_44' title='bbox 1214 717 1218 725; x_wconf 81' lang='grc'><em>“</em></span> <span class='ocrx_word' id='word_1_45' title='bbox 1271 755 1278 785; x_wconf 34' lang='grc' dir='ltr'>Κ</span> <span class='ocrx_word' id='word_1_46' title='bbox 1307 712 1309 719; x_wconf 84' lang='grc'><strong>’</strong></span> 
     </span>
    </p>
   </div>
   <div class='ocr_carea' id='block_1_3' title="bbox 323 790 1563 4019">
    <p class='ocr_par' dir='ltr' id='par_1_3' title="bbox 354 790 1560 1107">
     <span class='ocr_line' id='line_1_7' title="bbox 447 790 1560 873; baseline 0 -21"><span class='ocrx_word' id='word_1_47' title='bbox 447 794 604 852; x_wconf 80' lang='lat' dir='ltr'><em>Punctum.</em></span> <span class='ocrx_word' id='word_1_48' title='bbox 617 794 711 853; x_wconf 84' lang='lat' dir='ltr'>Prisci</span> <span class='ocrx_word' id='word_1_49' title='bbox 720 794 850 851; x_wconf 84' lang='lat' dir='ltr'>Romani</span> <span class='ocrx_word' id='word_1_50' title='bbox 862 791 931 851; x_wconf 84' lang='lat' dir='ltr'>solis</span> <span class='ocrx_word' id='word_1_51' title='bbox 944 790 1061 849; x_wconf 85' lang='lat' dir='ltr'>Punetis</span> <span class='ocrx_word' id='word_1_52' title='bbox 1073 811 1125 873; x_wconf 86' lang='lat' dir='ltr'>pto</span> <span class='ocrx_word' id='word_1_53' title='bbox 1135 792 1375 873; x_wconf 80' lang='lat' dir='ltr'>interpunctione</span> <span class='ocrx_word' id='word_1_54' title='bbox 1387 792 1560 873; x_wconf 77' lang='lat' dir='ltr'>inscriptu-</span> 
     </span>
     <span class='ocr_line' id='line_1_8' title="bbox 354 873 1559 955; baseline -0.003 -20"><span class='ocrx_word' id='word_1_55' title='bbox 354 899 375 920; x_wconf 92' lang='lat'>-·</span> <span class='ocrx_word' id='word_1_56' title='bbox 402 896 434 935; x_wconf 84' lang='lat' dir='ltr'>ta</span> <span class='ocrx_word' id='word_1_57' title='bbox 455 874 634 936; x_wconf 88' lang='lat' dir='ltr'>utebantur.</span> <span class='ocrx_word' id='word_1_58' title='bbox 656 874 705 931; x_wconf 86' lang='lat' dir='ltr'>Ad</span> <span class='ocrx_word' id='word_1_59' title='bbox 726 874 853 931; x_wconf 88' lang='lat' dir='ltr'>mediam</span> <span class='ocrx_word' id='word_1_60' title='bbox 874 873 1001 930; x_wconf 78' lang='lat' dir='ltr'>litteram</span> <span class='ocrx_word' id='word_1_61' title='bbox 1023 874 1151 952; x_wconf 86' lang='lat' dir='ltr'>positum</span> <span class='ocrx_word' id='word_1_62' title='bbox 1178 874 1317 955; x_wconf 70' lang='lat' dir='ltr'>signabat.</span> <span class='ocrx_word' id='word_1_63' title='bbox 1331 894 1446 933; x_wconf 87' lang='lat' dir='ltr'>comma</span> <span class='ocrx_word' id='word_1_64' title='bbox 1469 916 1477 942; x_wconf 88' lang='lat'><em>,</em></span> <span class='ocrx_word' id='word_1_65' title='bbox 1497 875 1559 931; x_wconf 80' lang='lat' dir='ltr'>sire</span> 
     </span>
     <span class='ocr_line' id='line_1_9' title="bbox 401 952 1553 1035; baseline -0.001 -20"><span class='ocrx_word' id='word_1_66' title='bbox 401 955 547 1015; x_wconf 86' lang='lat' dir='ltr'>incisum:</span> <span class='ocrx_word' id='word_1_67' title='bbox 558 954 597 1013; x_wconf 89' lang='lat' dir='ltr'>ad</span> <span class='ocrx_word' id='word_1_68' title='bbox 614 971 701 1035; x_wconf 88' lang='lat' dir='ltr'>caput</span> <span class='ocrx_word' id='word_1_69' title='bbox 721 953 834 1012; x_wconf 78' lang='lat' dir='ltr'>litterae</span> <span class='ocrx_word' id='word_1_70' title='bbox 852 952 966 1011; x_wconf 85' lang='lat' dir='ltr'>colum:</span> <span class='ocrx_word' id='word_1_71' title='bbox 988 952 1036 1011; x_wconf 86' lang='lat' dir='ltr'>Ad</span> <span class='ocrx_word' id='word_1_72' title='bbox 1055 954 1151 1013; x_wconf 89' lang='lat' dir='ltr'>imum</span> <span class='ocrx_word' id='word_1_73' title='bbox 1173 954 1487 1025; x_wconf 35' lang='lat' dir='ltr'>litteraerl’teriodnm·</span> <span class='ocrx_word' id='word_1_74' title='bbox 1507 956 1553 1014; x_wconf 81' lang='lat' dir='ltr'>lta</span> 
     </span>
     <span class='ocr_line' id='line_1_10' title="bbox 403 1026 1276 1107; baseline -0.002 -12"><span class='ocrx_word' id='word_1_75' title='bbox 403 1030 556 1105; x_wconf 82' lang='lat' dir='ltr'>Donatus,</span> <span class='ocrx_word' id='word_1_76' title='bbox 575 1050 606 1093; x_wconf 88' lang='lat' dir='ltr'>ct</span> <span class='ocrx_word' id='word_1_77' title='bbox 624 1038 652 1096; x_wconf 85' lang='lat' dir='ltr'>S.</span> <span class='ocrx_word' id='word_1_78' title='bbox 672 1034 820 1094; x_wconf 83' lang='lat' dir='ltr'>isidorus.</span> <span class='ocrx_word' id='word_1_79' title='bbox 840 1033 917 1091; x_wconf 88' lang='lat' dir='ltr'>Vide</span> <span class='ocrx_word' id='word_1_80' title='bbox 938 1032 1185 1107; x_wconf 80' lang='lat' dir='ltr'>Inscriprimtesin</span> <span class='ocrx_word' id='word_1_81' title='bbox 1204 1034 1238 1093; x_wconf 83' lang='lat'>1..</span> <span class='ocrx_word' id='word_1_82' title='bbox 1271 1026 1276 1053; x_wconf 70' lang='lat'><em>¹</em></span> 
     </span>
    </p>

    <p class='ocr_par' dir='ltr' id='par_1_4' title="bbox 596 1111 1219 1186">
     <span class='ocr_line' id='line_1_11' title="bbox 596 1111 1219 1186; baseline 0.002 -14"><span class='ocrx_word' id='word_1_83' title='bbox 596 1175 601 1186; x_wconf 66' lang='grc'><em>,</em></span> <span class='ocrx_word' id='word_1_84' title='bbox 849 1112 1031 1171; x_wconf 80' lang='lat' dir='ltr'>Corollaritnt</span> <span class='ocrx_word' id='word_1_85' title='bbox 1051 1113 1105 1171; x_wconf 89' lang='lat' dir='ltr'>XI</span> <span class='ocrx_word' id='word_1_86' title='bbox 1107 1111 1157 1173; x_wconf 52' lang='lat' dir='ltr'>Vs</span> <span class='ocrx_word' id='word_1_87' title='bbox 1216 1136 1219 1141; x_wconf 91' lang='lat'>·</span> 
     </span>
    </p>

    <p class='ocr_par' dir='ltr' id='par_1_5' title="bbox 332 1192 1563 1438">
     <span class='ocr_line' id='line_1_12' title="bbox 442 1192 1562 1264; baseline -0.001 -10"><span class='ocrx_word' id='word_1_88' title='bbox 442 1196 607 1264; x_wconf 55' lang='lat' dir='ltr'>&#39;Punicum</span> <span class='ocrx_word' id='word_1_89' title='bbox 628 1211 682 1255; x_wconf 86' lang='lat' dir='ltr'>sen·</span> <span class='ocrx_word' id='word_1_90' title='bbox 696 1195 859 1254; x_wconf 83' lang='lat' dir='ltr'>Poenicum</span> <span class='ocrx_word' id='word_1_91' title='bbox 893 1192 1005 1254; x_wconf 83' lang='lat' dir='ltr'>Bellum</span> <span class='ocrx_word' id='word_1_92' title='bbox 1026 1212 1068 1251; x_wconf 67' lang='grc' dir='ltr'>ἰιι</span> <span class='ocrx_word' id='word_1_93' title='bbox 1088 1196 1165 1253; x_wconf 84' lang='lat' dir='ltr'>inter</span> <span class='ocrx_word' id='word_1_94' title='bbox 1183 1196 1293 1264; x_wconf 72' lang='lat' dir='ltr'>Rom..</span> <span class='ocrx_word' id='word_1_95' title='bbox 1312 1210 1344 1253; x_wconf 84' lang='lat' dir='ltr'>et</span> <span class='ocrx_word' id='word_1_96' title='bbox 1364 1198 1479 1255; x_wconf 88' lang='lat' dir='ltr'>Poenos</span> <span class='ocrx_word' id='word_1_97' title='bbox 1498 1214 1562 1254; x_wconf 85' lang='lat' dir='ltr'>eoe-</span> 
     </span>
     <span class='ocr_line' id='line_1_13' title="bbox 332 1273 1563 1359; baseline -0.002 -23"><span class='ocrx_word' id='word_1_98' title='bbox 332 1316 334 1319; x_wconf 79' lang='lat'>.</span> <span class='ocrx_word' id='word_1_99' title='bbox 406 1278 452 1359; x_wconf 90' lang='lat' dir='ltr'>pit</span> <span class='ocrx_word' id='word_1_100' title='bbox 472 1296 520 1356; x_wconf 70' lang='lat' dir='ltr'>am</span> <span class='ocrx_word' id='word_1_101' title='bbox 541 1280 579 1335; x_wconf 88' lang='lat' dir='ltr'>U.</span> <span class='ocrx_word' id='word_1_102' title='bbox 600 1278 636 1337; x_wconf 88' lang='lat' dir='ltr'>C.</span> <span class='ocrx_word' id='word_1_103' title='bbox 663 1276 784 1350; x_wconf 73' lang='lat' dir='ltr'>51&#39;=2.1n</span> <span class='ocrx_word' id='word_1_104' title='bbox 808 1294 883 1333; x_wconf 85' lang='lat' dir='ltr'>nova</span> <span class='ocrx_word' id='word_1_105' title='bbox 904 1273 1044 1333; x_wconf 83' lang='lat' dir='ltr'>Editione&#39;</span> <span class='ocrx_word' id='word_1_106' title='bbox 1064 1276 1195 1355; x_wconf 81' lang='lat' dir='ltr'>Hispana</span> <span class='ocrx_word' id='word_1_107' title='bbox 1217 1276 1410 1335; x_wconf 85' lang='lat' dir='ltr'>Historiarum</span> <span class='ocrx_word' id='word_1_108' title='bbox 1441 1278 1475 1335; x_wconf 87' lang='lat' dir='ltr'>P.</span> <span class='ocrx_word' id='word_1_109' title='bbox 1501 1278 1563 1335; x_wconf 88' lang='lat' dir='ltr'>Ma·</span> 
     </span>
     <span class='ocr_line' id='line_1_14' title="bbox 403 1348 1563 1438; baseline -0.003 -21"><span class='ocrx_word' id='word_1_110' title='bbox 403 1360 516 1427; x_wconf 79' lang='lat' dir='ltr'>tianae,</span> <span class='ocrx_word' id='word_1_111' title='bbox 538 1377 585 1416; x_wconf 89' lang='lat' dir='ltr'>an.</span> <span class='ocrx_word' id='word_1_112' title='bbox 601 1377 686 1428; x_wconf 82' lang='lat'>1779,</span> <span class='ocrx_word' id='word_1_113' title='bbox 707 1355 824 1417; x_wconf 88' lang='lat' dir='ltr'>Mattiti</span> <span class='ocrx_word' id='word_1_114' title='bbox 845 1352 935 1421; x_wconf 83' lang='lat' dir='ltr'>lacta,</span> <span class='ocrx_word' id='word_1_115' title='bbox 956 1373 1049 1413; x_wconf 87' lang='lat' dir='ltr'>errore</span> <span class='ocrx_word' id='word_1_116' title='bbox 1062 1398 1070 1423; x_wconf 83' lang='lat'>‚</span> <span class='ocrx_word' id='word_1_117' title='bbox 1083 1373 1116 1413; x_wconf 89' lang='lat' dir='ltr'>ut</span> <span class='ocrx_word' id='word_1_118' title='bbox 1134 1356 1238 1424; x_wconf 87' lang='lat' dir='ltr'>credo,</span> <span class='ocrx_word' id='word_1_119' title='bbox 1260 1348 1492 1438; x_wconf 77' lang='lat' dir='ltr'>typographico.</span> <span class='ocrx_word' id='word_1_120' title='bbox 1512 1375 1563 1414; x_wconf 89' lang='lat' dir='ltr'>no-</span> 
     </span>
    </p>

    <p class='ocr_par' dir='ltr' id='par_1_6' title="bbox 404 1434 1561 1514">
     <span class='ocr_line' id='line_1_15' title="bbox 404 1434 1561 1514; baseline -0.005 -16"><span class='ocrx_word' id='word_1_121' title='bbox 404 1454 483 1498; x_wconf 89' lang='lat' dir='ltr'>tatur</span> <span class='ocrx_word' id='word_1_122' title='bbox 502 1456 550 1495; x_wconf 90' lang='lat' dir='ltr'>an.</span> <span class='ocrx_word' id='word_1_123' title='bbox 567 1440 651 1507; x_wconf 52' lang='lat' dir='ltr'>U.,C.</span> <span class='ocrx_word' id='word_1_124' title='bbox 669 1459 732 1512; x_wconf 88' lang='lat'>502.</span> <span class='ocrx_word' id='word_1_125' title='bbox 754 1438 824 1496; x_wconf 88' lang='lat' dir='ltr'>Post</span> <span class='ocrx_word' id='word_1_126' title='bbox 845 1454 937 1494; x_wconf 90' lang='lat' dir='ltr'>annos</span> <span class='ocrx_word' id='word_1_127' title='bbox 956 1434 1077 1514; x_wconf 88' lang='lat' dir='ltr'>aliquot</span> <span class='ocrx_word' id='word_1_128' title='bbox 1090 1453 1144 1514; x_wconf 83' lang='lat' dir='ltr'>pax</span> <span class='ocrx_word' id='word_1_129' title='bbox 1164 1437 1250 1503; x_wconf 86' lang='lat' dir='ltr'>inita,</span> <span class='ocrx_word' id='word_1_130' title='bbox 1261 1436 1387 1494; x_wconf 85' lang='lat' dir='ltr'>devictis</span> <span class='ocrx_word' id='word_1_131' title='bbox 1407 1437 1561 1495; x_wconf 87' lang='lat' dir='ltr'>maritimo</span> 
     </span>
    </p>

    <p class='ocr_par' dir='ltr' id='par_1_7' title="bbox 408 1513 1560 1597">
     <span class='ocr_line' id='line_1_16' title="bbox 408 1513 1560 1597; baseline -0.003 -21"><span class='ocrx_word' id='word_1_132' title='bbox 408 1518 517 1597; x_wconf 84' lang='lat' dir='ltr'>praelio</span> <span class='ocrx_word' id='word_1_133' title='bbox 538 1518 572 1576; x_wconf 89' lang='lat' dir='ltr'>in</span> <span class='ocrx_word' id='word_1_134' title='bbox 592 1518 665 1576; x_wconf 90' lang='lat' dir='ltr'>mati</span> <span class='ocrx_word' id='word_1_135' title='bbox 685 1518 795 1586; x_wconf 81' lang='lat' dir='ltr'>siculo,</span> <span class='ocrx_word' id='word_1_136' title='bbox 814 1513 1115 1596; x_wconf 82' lang='lat' dir='ltr'>Carthaginensibus..</span> <span class='ocrx_word' id='word_1_137' title='bbox 1135 1518 1205 1574; x_wconf 88' lang='lat' dir='ltr'>Post</span> <span class='ocrx_word' id='word_1_138' title='bbox 1234 1536 1281 1573; x_wconf 85' lang='lat'>22.</span> <span class='ocrx_word' id='word_1_139' title='bbox 1302 1535 1349 1575; x_wconf 90' lang='lat' dir='ltr'>an.</span> <span class='ocrx_word' id='word_1_140' title='bbox 1370 1533 1510 1594; x_wconf 87' lang='lat' dir='ltr'>coeptum</span> <span class='ocrx_word' id='word_1_141' title='bbox 1533 1536 1560 1574; x_wconf 83' lang='lat' dir='ltr'>a.</span> 
     </span>
    </p>

    <p class='ocr_par' dir='ltr' id='par_1_8' title="bbox 404 1588 1559 1676">
     <span class='ocr_line' id='line_1_17' title="bbox 404 1588 1559 1676; baseline -0.004 -19"><span class='ocrx_word' id='word_1_142' title='bbox 404 1598 519 1658; x_wconf 87' lang='lat' dir='ltr'>Bellum</span> <span class='ocrx_word' id='word_1_143' title='bbox 541 1598 703 1666; x_wconf 88' lang='lat' dir='ltr'>Punicum,</span> <span class='ocrx_word' id='word_1_144' title='bbox 723 1616 752 1656; x_wconf 91' lang='lat' dir='ltr'>et</span> <span class='ocrx_word' id='word_1_145' title='bbox 773 1618 828 1676; x_wconf 86' lang='lat' dir='ltr'>pax</span> <span class='ocrx_word' id='word_1_146' title='bbox 848 1599 959 1655; x_wconf 89' lang='lat' dir='ltr'>sancita</span> <span class='ocrx_word' id='word_1_147' title='bbox 980 1612 1046 1675; x_wconf 89' lang='lat' dir='ltr'>post</span> <span class='ocrx_word' id='word_1_148' title='bbox 1065 1614 1113 1666; x_wconf 89' lang='lat' dir='ltr'>t7.</span> <span class='ocrx_word' id='word_1_149' title='bbox 1135 1614 1181 1653; x_wconf 90' lang='lat' dir='ltr'>an.</span> <span class='ocrx_word' id='word_1_150' title='bbox 1203 1594 1289 1653; x_wconf 87' lang='lat' dir='ltr'>belli.</span> <span class='ocrx_word' id='word_1_151' title='bbox 1314 1618 1339 1669; x_wconf 76' lang='lat'>3.</span> <span class='ocrx_word' id='word_1_152' title='bbox 1359 1588 1474 1673; x_wconf 84' lang='lat' dir='ltr'>Bellum</span> <span class='ocrx_word' id='word_1_153' title='bbox 1496 1614 1559 1652; x_wconf 79' lang='lat' dir='ltr'>coe·</span> 
     </span>
    </p>

    <p class='ocr_par' dir='ltr' id='par_1_9' title="bbox 406 1670 1561 1759">
     <span class='ocr_line' id='line_1_18' title="bbox 406 1670 1561 1759; baseline -0.004 -23"><span class='ocrx_word' id='word_1_154' title='bbox 406 1679 453 1759; x_wconf 89' lang='lat' dir='ltr'>pit</span> <span class='ocrx_word' id='word_1_155' title='bbox 473 1698 520 1736; x_wconf 92' lang='lat' dir='ltr'>an.</span> <span class='ocrx_word' id='word_1_156' title='bbox 540 1680 578 1736; x_wconf 90' lang='lat' dir='ltr'>U.</span> <span class='ocrx_word' id='word_1_157' title='bbox 597 1679 632 1736; x_wconf 86' lang='lat' dir='ltr'>C.</span> <span class='ocrx_word' id='word_1_158' title='bbox 654 1686 742 1750; x_wconf 76' lang='lat'>605..</span> <span class='ocrx_word' id='word_1_159' title='bbox 766 1670 826 1757; x_wconf 85' lang='lat' dir='ltr'>quo</span> <span class='ocrx_word' id='word_1_160' title='bbox 846 1678 920 1735; x_wconf 89' lang='lat' dir='ltr'>Cato</span> <span class='ocrx_word' id='word_1_161' title='bbox 941 1675 1079 1755; x_wconf 82' lang='lat' dir='ltr'>persuasit</span> <span class='ocrx_word' id='word_1_162' title='bbox 1097 1677 1226 1745; x_wconf 81' lang='lat' dir='ltr'>Senatui,</span> <span class='ocrx_word' id='word_1_163' title='bbox 1247 1674 1400 1749; x_wconf 80' lang='lat' dir='ltr'>delendam</span> <span class='ocrx_word' id='word_1_164' title='bbox 1410 1672 1561 1757; x_wconf 84' lang='lat' dir='ltr'>Carthagi·</span> 
     </span>
    </p>

    <p class='ocr_par' dir='ltr' id='par_1_10' title="bbox 382 1748 1560 1917">
     <span class='ocr_line' id='line_1_19' title="bbox 404 1748 1560 1837; baseline -0.002 -20"><span class='ocrx_word' id='word_1_165' title='bbox 404 1778 492 1817; x_wconf 85' lang='lat' dir='ltr'>nem:</span> <span class='ocrx_word' id='word_1_166' title='bbox 511 1757 590 1837; x_wconf 89' lang='lat' dir='ltr'>quod</span> <span class='ocrx_word' id='word_1_167' title='bbox 611 1756 719 1817; x_wconf 87' lang='lat' dir='ltr'>factum</span> <span class='ocrx_word' id='word_1_168' title='bbox 738 1775 782 1815; x_wconf 89' lang='lat' dir='ltr'>est</span> <span class='ocrx_word' id='word_1_169' title='bbox 797 1778 835 1824; x_wconf 88' lang='lat' dir='ltr'>‚a</span> <span class='ocrx_word' id='word_1_170' title='bbox 854 1756 991 1836; x_wconf 86' lang='lat' dir='ltr'>Scipione</span> <span class='ocrx_word' id='word_1_171' title='bbox 1002 1752 1093 1813; x_wconf 85' lang='lat' dir='ltr'>Afric.</span> <span class='ocrx_word' id='word_1_172' title='bbox 1106 1758 1220 1833; x_wconf 81' lang='lat' dir='ltr'>juniore</span> <span class='ocrx_word' id='word_1_173' title='bbox 1233 1800 1241 1823; x_wconf 89' lang='lat'>,</span> <span class='ocrx_word' id='word_1_174' title='bbox 1252 1748 1432 1814; x_wconf 75' lang='lat' dir='ltr'>contrarium</span> <span class='ocrx_word' id='word_1_175' title='bbox 1453 1752 1560 1815; x_wconf 80' lang='lat' dir='ltr'>frttstta</span> 
     </span>
     <span class='ocr_line' id='line_1_20' title="bbox 382 1834 1233 1917; baseline -0.007 -18"><span class='ocrx_word' id='word_1_176' title='bbox 382 1839 544 1899; x_wconf 77' lang='lat' dir='ltr'>&#39;suadente</span> <span class='ocrx_word' id='word_1_177' title='bbox 563 1839 699 1917; x_wconf 84' lang='lat' dir='ltr'>Scipione</span> <span class='ocrx_word' id='word_1_178' title='bbox 719 1838 824 1898; x_wconf 86' lang='lat' dir='ltr'>Nasica</span> <span class='ocrx_word' id='word_1_179' title='bbox 845 1836 1033 1895; x_wconf 80' lang='lat' dir='ltr'>validissimis</span> <span class='ocrx_word' id='word_1_180' title='bbox 1052 1834 1233 1895; x_wconf 87' lang='lat' dir='ltr'>rationibus.</span> 
     </span>
    </p>

    <p class='ocr_par' dir='ltr' id='par_1_11' title="bbox 402 1914 1559 2395">
     <span class='ocr_line' id='line_1_21' title="bbox 444 1914 1559 2000; baseline -0.004 -24"><span class='ocrx_word' id='word_1_181' title='bbox 444 1919 577 1993; x_wconf 65' lang='lat' dir='ltr'>Pupam,</span> <span class='ocrx_word' id='word_1_182' title='bbox 598 1922 688 1977; x_wconf 87' lang='lat' dir='ltr'>Poeta</span> <span class='ocrx_word' id='word_1_183' title='bbox 706 1921 791 2000; x_wconf 82' lang='lat' dir='ltr'>Trag.</span> <span class='ocrx_word' id='word_1_184' title='bbox 806 1962 814 1986; x_wconf 84' lang='lat'>‚</span> <span class='ocrx_word' id='word_1_185' title='bbox 836 1917 872 1975; x_wconf 91' lang='lat' dir='ltr'>de</span> <span class='ocrx_word' id='word_1_186' title='bbox 891 1937 949 1997; x_wconf 89' lang='lat' dir='ltr'>quo</span> <span class='ocrx_word' id='word_1_187' title='bbox 970 1918 1040 1975; x_wconf 88' lang='lat' dir='ltr'>Hor.</span> <span class='ocrx_word' id='word_1_188' title='bbox 1051 1916 1114 1973; x_wconf 89' lang='lat' dir='ltr'>I..r.</span> <span class='ocrx_word' id='word_1_189' title='bbox 1127 1915 1189 1974; x_wconf 89' lang='lat' dir='ltr'>Sat.</span> <span class='ocrx_word' id='word_1_190' title='bbox 1203 1936 1249 1971; x_wconf 85' lang='lat' dir='ltr'>to.</span> <span class='ocrx_word' id='word_1_191' title='bbox 1261 1959 1269 1984; x_wconf 87' lang='lat'><em>,</em></span> <span class='ocrx_word' id='word_1_192' title='bbox 1280 1929 1310 1973; x_wconf 87' lang='lat' dir='ltr'>et</span> <span class='ocrx_word' id='word_1_193' title='bbox 1322 1914 1414 1989; x_wconf 83' lang='lat' dir='ltr'>Epist.</span> <span class='ocrx_word' id='word_1_194' title='bbox 1429 1914 1512 1972; x_wconf 66' lang='lat' dir='ltr'>ntia</span> <span class='ocrx_word' id='word_1_195' title='bbox 1531 1934 1559 1971; x_wconf 83' lang='lat' dir='ltr'>a.</span> 
     </span>
     <span class='ocr_line' id='line_1_22' title="bbox 403 1994 1559 2077; baseline -0.006 -19"><span class='ocrx_word' id='word_1_196' title='bbox 403 2002 474 2075; x_wconf 83' lang='lat' dir='ltr'>Ejus</span> <span class='ocrx_word' id='word_1_197' title='bbox 495 2002 631 2066; x_wconf 87' lang='lat' dir='ltr'>Poemata</span> <span class='ocrx_word' id='word_1_198' title='bbox 653 1998 808 2077; x_wconf 86' lang='lat' dir='ltr'>lacrymosa</span> <span class='ocrx_word' id='word_1_199' title='bbox 828 2016 911 2056; x_wconf 84' lang='lat' dir='ltr'>vocat</span> <span class='ocrx_word' id='word_1_200' title='bbox 932 2017 989 2061; x_wconf 83' lang='lat' dir='ltr'>eo.</span> <span class='ocrx_word' id='word_1_201' title='bbox 1009 1996 1089 2076; x_wconf 85' lang='lat' dir='ltr'>quod</span> <span class='ocrx_word' id='word_1_202' title='bbox 1108 1995 1284 2076; x_wconf 84' lang='lat' dir='ltr'>Tragoediae</span> <span class='ocrx_word' id='word_1_203' title='bbox 1302 1995 1338 2053; x_wconf 90' lang='lat' dir='ltr'>ad</span> <span class='ocrx_word' id='word_1_204' title='bbox 1360 1994 1515 2071; x_wconf 87' lang='lat' dir='ltr'>lacrymas,</span> <span class='ocrx_word' id='word_1_205' title='bbox 1529 2011 1559 2051; x_wconf 86' lang='lat' dir='ltr'>et</span> 
     </span>
     <span class='ocr_line' id='line_1_23' title="bbox 402 2070 1559 2158; baseline -0.007 -20"><span class='ocrx_word' id='word_1_206' title='bbox 402 2080 690 2138; x_wconf 82' lang='lat' dir='ltr'>commiserationem</span> <span class='ocrx_word' id='word_1_207' title='bbox 702 2078 878 2146; x_wconf 83' lang='lat' dir='ltr'>excitandas,</span> <span class='ocrx_word' id='word_1_208' title='bbox 891 2076 998 2158; x_wconf 86' lang='lat' dir='ltr'>populo</span> <span class='ocrx_word' id='word_1_209' title='bbox 1020 2076 1082 2135; x_wconf 89' lang='lat' dir='ltr'>dari</span> <span class='ocrx_word' id='word_1_210' title='bbox 1102 2075 1229 2134; x_wconf 87' lang='lat' dir='ltr'>soleant.</span> <span class='ocrx_word' id='word_1_211' title='bbox 1251 2070 1360 2134; x_wconf 87' lang='lat' dir='ltr'>Vetum&#39;</span> <span class='ocrx_word' id='word_1_212' title='bbox 1381 2070 1505 2132; x_wconf 84' lang='lat' dir='ltr'>forsitan</span> <span class='ocrx_word' id='word_1_213' title='bbox 1524 2075 1559 2131; x_wconf 80' lang='lat' dir='ltr'>li·</span> 
     </span>
     <span class='ocr_line' id='line_1_24' title="bbox 402 2154 1557 2241; baseline -0.004 -24"><span class='ocrx_word' id='word_1_214' title='bbox 402 2160 510 2241; x_wconf 76' lang='lat' dir='ltr'>legista</span> <span class='ocrx_word' id='word_1_215' title='bbox 529 2156 591 2236; x_wconf 82' lang='lat' dir='ltr'>ejus</span> <span class='ocrx_word' id='word_1_216' title='bbox 604 2162 742 2220; x_wconf 87' lang='lat' dir='ltr'>Carmina</span> <span class='ocrx_word' id='word_1_217' title='bbox 763 2176 843 2218; x_wconf 89' lang='lat' dir='ltr'>erant</span> <span class='ocrx_word' id='word_1_218' title='bbox 855 2198 863 2221; x_wconf 85' lang='lat'>‚</span> <span class='ocrx_word' id='word_1_219' title='bbox 873 2177 944 2237; x_wconf 90' lang='lat' dir='ltr'>quae</span> <span class='ocrx_word' id='word_1_220' title='bbox 964 2156 1053 2215; x_wconf 88' lang='lat' dir='ltr'>etiarn</span> <span class='ocrx_word' id='word_1_221' title='bbox 1075 2156 1236 2229; x_wconf 83' lang='lat' dir='ltr'>lacrymosa</span> <span class='ocrx_word' id='word_1_222' title='bbox 1247 2199 1255 2223; x_wconf 91' lang='lat'><strong><em>‚</em></strong></span> <span class='ocrx_word' id='word_1_223' title='bbox 1266 2172 1295 2213; x_wconf 91' lang='lat' dir='ltr'>et</span> <span class='ocrx_word' id='word_1_224' title='bbox 1314 2155 1406 2212; x_wconf 83' lang='lat' dir='ltr'>tristia</span> <span class='ocrx_word' id='word_1_225' title='bbox 1419 2154 1557 2233; x_wconf 87' lang='lat' dir='ltr'>appellati</span> 
     </span>
     <span class='ocr_line' id='line_1_25' title="bbox 402 2233 1559 2319; baseline -0.003 -23"><span class='ocrx_word' id='word_1_226' title='bbox 402 2252 544 2319; x_wconf 85' lang='lat' dir='ltr'>possunt:</span> <span class='ocrx_word' id='word_1_227' title='bbox 565 2234 657 2315; x_wconf 71' lang='lat' dir='ltr'>Puppi</span> <span class='ocrx_word' id='word_1_228' title='bbox 680 2241 770 2317; x_wconf 78' lang='lat' dir='ltr'>Carra.</span> <span class='ocrx_word' id='word_1_229' title='bbox 783 2238 877 2297; x_wconf 81' lang='lat' dir='ltr'>desid.</span> <span class='ocrx_word' id='word_1_230' title='bbox 896 2233 1088 2317; x_wconf 87' lang='lat' dir='ltr'>Epitaphium</span> <span class='ocrx_word' id='word_1_231' title='bbox 1109 2254 1208 2296; x_wconf 89' lang='lat' dir='ltr'>tamen</span> <span class='ocrx_word' id='word_1_232' title='bbox 1228 2234 1347 2313; x_wconf 87' lang='lat' dir='ltr'>ejus‚ab</span> <span class='ocrx_word' id='word_1_233' title='bbox 1366 2234 1421 2293; x_wconf 87' lang='lat' dir='ltr'>illo</span> <span class='ocrx_word' id='word_1_234' title='bbox 1440 2252 1559 2315; x_wconf 88' lang='lat' dir='ltr'>compo·</span> 
     </span>
     <span class='ocr_line' id='line_1_26' title="bbox 403 2316 1074 2395; baseline -0.001 -18"><span class='ocrx_word' id='word_1_235' title='bbox 403 2320 515 2389; x_wconf 87' lang='lat' dir='ltr'>airum,</span> <span class='ocrx_word' id='word_1_236' title='bbox 535 2316 618 2379; x_wconf 81' lang='lat' dir='ltr'>affert</span> <span class='ocrx_word' id='word_1_237' title='bbox 638 2323 736 2378; x_wconf 75' lang='lat' dir='ltr'>Aaron</span> <span class='ocrx_word' id='word_1_238' title='bbox 744 2364 756 2394; x_wconf 69' lang='grc'>,</span> <span class='ocrx_word' id='word_1_239' title='bbox 773 2319 896 2378; x_wconf 68' lang='lat' dir='ltr'>&#39;Horat-ii</span> <span class='ocrx_word' id='word_1_240' title='bbox 918 2320 1074 2395; x_wconf 77' lang='lat' dir='ltr'>interpres:</span> 
     </span>
    </p>

    <p class='ocr_par' dir='ltr' id='par_1_12' title="bbox 541 2394 1165 2459">
     <span class='ocr_line' id='line_1_27' title="bbox 541 2394 1165 2459; baseline -0.011 -3"><span class='ocrx_word' id='word_1_241' title='bbox 541 2440 547 2447; x_wconf 36' lang='grc' dir='ltr'><em>ι</em></span> <span class='ocrx_word' id='word_1_242' title='bbox 834 2397 1017 2459; x_wconf 81' lang='lat' dir='ltr'>Corollarium</span> <span class='ocrx_word' id='word_1_243' title='bbox 1044 2394 1117 2457; x_wconf 80' lang='lat' dir='ltr'>XV..</span> <span class='ocrx_word' id='word_1_244' title='bbox 1161 2441 1165 2449; x_wconf 90' lang='lat'>.</span> 
     </span>
    </p>

    <p class='ocr_par' dir='ltr' id='par_1_13' title="bbox 398 2472 1560 3040">
     <span class='ocr_line' id='line_1_28' title="bbox 442 2472 1557 2564; baseline -0.003 -28"><span class='ocrx_word' id='word_1_245' title='bbox 442 2478 550 2539; x_wconf 75' lang='lat' dir='ltr'>Puteal</span> <span class='ocrx_word' id='word_1_246' title='bbox 568 2479 649 2539; x_wconf 87' lang='lat' dir='ltr'>locus</span> <span class='ocrx_word' id='word_1_247' title='bbox 667 2478 791 2564; x_wconf 64' lang='lat' dir='ltr'>eratin</span> <span class='ocrx_word' id='word_1_248' title='bbox 802 2480 889 2536; x_wconf 88' lang='lat' dir='ltr'>Rom.</span> <span class='ocrx_word' id='word_1_249' title='bbox 911 2476 1045 2539; x_wconf 87' lang='lat' dir='ltr'>Comitio</span> <span class='ocrx_word' id='word_1_250' title='bbox 1065 2482 1146 2553; x_wconf 79' lang='lat' dir='ltr'>juxta</span> <span class='ocrx_word' id='word_1_251' title='bbox 1167 2472 1262 2538; x_wconf 86' lang='lat' dir='ltr'>forum</span> <span class='ocrx_word' id='word_1_252' title='bbox 1282 2518 1290 2544; x_wconf 90' lang='lat'>‚</span> <span class='ocrx_word' id='word_1_253' title='bbox 1310 2490 1340 2535; x_wconf 85' lang='lat' dir='ltr'>et</span> <span class='ocrx_word' id='word_1_254' title='bbox 1366 2474 1501 2541; x_wconf 86' lang='lat' dir='ltr'>curiam,</span> <span class='ocrx_word' id='word_1_255' title='bbox 1522 2474 1557 2533; x_wconf 93' lang='lat' dir='ltr'>in</span> 
     </span>
     <span class='ocr_line' id='line_1_29' title="bbox 401 2556 1560 2639; baseline -0.004 -21"><span class='ocrx_word' id='word_1_256' title='bbox 401 2578 460 2639; x_wconf 93' lang='lat' dir='ltr'>quo</span> <span class='ocrx_word' id='word_1_257' title='bbox 479 2560 592 2618; x_wconf 78' lang='lat' dir='ltr'>Iudicia</span> <span class='ocrx_word' id='word_1_258' title='bbox 614 2558 759 2619; x_wconf 89' lang='lat' dir='ltr'>Praetoria</span> <span class='ocrx_word' id='word_1_259' title='bbox 778 2556 998 2621; x_wconf 79' lang='lat' dir='ltr'>exercebantur.</span> <span class='ocrx_word' id='word_1_260' title='bbox 1019 2557 1065 2614; x_wconf 87' lang='lat' dir='ltr'>De</span> <span class='ocrx_word' id='word_1_261' title='bbox 1079 2556 1325 2617; x_wconf 84' lang='lat' dir='ltr'>LibonisPrtteali</span> <span class='ocrx_word' id='word_1_262' title='bbox 1338 2556 1479 2614; x_wconf 87' lang='lat' dir='ltr'>meminit</span> <span class='ocrx_word' id='word_1_263' title='bbox 1494 2558 1560 2613; x_wconf 86' lang='lat' dir='ltr'>llo·</span> 
     </span>
     <span class='ocr_line' id='line_1_30' title="bbox 401 2634 1554 2719; baseline -0.002 -23"><span class='ocrx_word' id='word_1_264' title='bbox 401 2640 493 2698; x_wconf 87' lang='lat' dir='ltr'>ratius</span> <span class='ocrx_word' id='word_1_265' title='bbox 513 2640 547 2697; x_wconf 91' lang='lat' dir='ltr'>in</span> <span class='ocrx_word' id='word_1_266' title='bbox 567 2638 703 2715; x_wconf 79' lang='lat' dir='ltr'>Satyris,</span> <span class='ocrx_word' id='word_1_267' title='bbox 728 2639 878 2719; x_wconf 81' lang='lat' dir='ltr'>indicans,</span> <span class='ocrx_word' id='word_1_268' title='bbox 891 2638 994 2697; x_wconf 85' lang='lat' dir='ltr'>locum</span> <span class='ocrx_word' id='word_1_269' title='bbox 1016 2634 1104 2699; x_wconf 83' lang='lat' dir='ltr'>fuisse</span> <span class='ocrx_word' id='word_1_270' title='bbox 1124 2638 1181 2713; x_wconf 86' lang='lat' dir='ltr'>juri</span> <span class='ocrx_word' id='word_1_271' title='bbox 1203 2635 1333 2695; x_wconf 88' lang='lat' dir='ltr'>dicundo</span> <span class='ocrx_word' id='word_1_272' title='bbox 1352 2635 1554 2695; x_wconf 84' lang='lat' dir='ltr'>destinatam.</span> 
     </span>
     <span class='ocr_line' id='line_1_31' title="bbox 401 2715 1552 2794; baseline -0.003 -16"><span class='ocrx_word' id='word_1_273' title='bbox 401 2720 505 2778; x_wconf 89' lang='lat' dir='ltr'>Cicero</span> <span class='ocrx_word' id='word_1_274' title='bbox 522 2721 614 2780; x_wconf 82' lang='lat' dir='ltr'>etiam</span> <span class='ocrx_word' id='word_1_275' title='bbox 633 2721 668 2777; x_wconf 78' lang='lat' dir='ltr'>de</span> <span class='ocrx_word' id='word_1_276' title='bbox 688 2720 789 2778; x_wconf 71' lang='lat' dir='ltr'>Dicin.</span> <span class='ocrx_word' id='word_1_277' title='bbox 804 2720 852 2777; x_wconf 85' lang='lat' dir='ltr'>lib.</span> <span class='ocrx_word' id='word_1_278' title='bbox 865 2740 890 2775; x_wconf 90' lang='lat' dir='ltr'>r.</span> <span class='ocrx_word' id='word_1_279' title='bbox 902 2722 964 2794; x_wconf 86' lang='lat' dir='ltr'>ejus</span> <span class='ocrx_word' id='word_1_280' title='bbox 984 2716 1132 2784; x_wconf 83' lang='lat' dir='ltr'>meminit,</span> <span class='ocrx_word' id='word_1_281' title='bbox 1145 2716 1182 2775; x_wconf 86' lang='lat' dir='ltr'>de</span> <span class='ocrx_word' id='word_1_282' title='bbox 1199 2732 1325 2785; x_wconf 88' lang='lat' dir='ltr'>cote,et</span> <span class='ocrx_word' id='word_1_283' title='bbox 1346 2715 1487 2773; x_wconf 85' lang='lat' dir='ltr'>novacula</span> <span class='ocrx_word' id='word_1_284' title='bbox 1499 2718 1552 2774; x_wconf 81' lang='lat' dir='ltr'>Ac·</span> 
     </span>
     <span class='ocr_line' id='line_1_32' title="bbox 399 2793 1558 2881; baseline -0.007 -22"><span class='ocrx_word' id='word_1_285' title='bbox 399 2800 441 2859; x_wconf 89' lang='lat' dir='ltr'>cii</span> <span class='ocrx_word' id='word_1_286' title='bbox 462 2801 551 2859; x_wconf 84' lang='lat' dir='ltr'>Narii</span> <span class='ocrx_word' id='word_1_287' title='bbox 571 2800 817 2881; x_wconf 85' lang='lat' dir='ltr'>loquens,dsque</span> <span class='ocrx_word' id='word_1_288' title='bbox 837 2815 929 2857; x_wconf 84' lang='lat' dir='ltr'>statua</span> <span class='ocrx_word' id='word_1_289' title='bbox 951 2798 1013 2861; x_wconf 82' lang='lat' dir='ltr'>illie</span> <span class='ocrx_word' id='word_1_290' title='bbox 1035 2793 1160 2876; x_wconf 88' lang='lat' dir='ltr'>praefato</span> <span class='ocrx_word' id='word_1_291' title='bbox 1172 2797 1284 2877; x_wconf 82' lang='lat' dir='ltr'>Auguri</span> <span class='ocrx_word' id='word_1_292' title='bbox 1305 2794 1447 2873; x_wconf 86' lang='lat' dir='ltr'>antiqno,</span> <span class='ocrx_word' id='word_1_293' title='bbox 1465 2812 1496 2851; x_wconf 86' lang='lat' dir='ltr'>et</span> <span class='ocrx_word' id='word_1_294' title='bbox 1514 2815 1558 2853; x_wconf 77' lang='lat' dir='ltr'>ce·</span> 
     </span>
     <span class='ocr_line' id='line_1_33' title="bbox 399 2874 1552 2961; baseline -0.004 -23"><span class='ocrx_word' id='word_1_295' title='bbox 399 2878 473 2939; x_wconf 86' lang='lat' dir='ltr'>lebti</span> <span class='ocrx_word' id='word_1_296' title='bbox 492 2882 608 2960; x_wconf 86' lang='lat' dir='ltr'>posita.</span> <span class='ocrx_word' id='word_1_297' title='bbox 628 2881 734 2941; x_wconf 77' lang='lat' dir='ltr'>Puteal</span> <span class='ocrx_word' id='word_1_298' title='bbox 754 2882 871 2960; x_wconf 82' lang='lat' dir='ltr'>proptia</span> <span class='ocrx_word' id='word_1_299' title='bbox 889 2875 1033 2961; x_wconf 85' lang='lat' dir='ltr'>significat</span> <span class='ocrx_word' id='word_1_300' title='bbox 1051 2877 1134 2955; x_wconf 78' lang='lat' dir='ltr'>putei</span> <span class='ocrx_word' id='word_1_301' title='bbox 1154 2876 1346 2956; x_wconf 79' lang='lat' dir='ltr'>operculum:</span> <span class='ocrx_word' id='word_1_302' title='bbox 1367 2874 1432 2933; x_wconf 89' lang='lat' dir='ltr'>illic</span> <span class='ocrx_word' id='word_1_303' title='bbox 1452 2894 1552 2933; x_wconf 84' lang='lat' dir='ltr'>aurem</span> 
     </span>
     <span class='ocr_line' id='line_1_34' title="bbox 398 2957 1363 3040; baseline -0.005 -22"><span class='ocrx_word' id='word_1_304' title='bbox 398 2976 507 3039; x_wconf 79' lang='lat' dir='ltr'>puteus</span> <span class='ocrx_word' id='word_1_305' title='bbox 521 2962 581 3021; x_wconf 74' lang='lat' dir='ltr'>erat&#39;</span> <span class='ocrx_word' id='word_1_306' title='bbox 599 2960 1008 3040; x_wconf 70' lang='lat' dir='ltr'>cum-umbellasopraeum-</span> <span class='ocrx_word' id='word_1_307' title='bbox 1021 2957 1199 3035; x_wconf 68' lang='lat' dir='ltr'>imposita.</span> <span class='ocrx_word' id='word_1_308' title='bbox 1232 2992 1236 3011; x_wconf 75' lang='lat'>.</span> <span class='ocrx_word' id='word_1_309' title='bbox 1272 2966 1276 2973; x_wconf 88' lang='grc'><em>“</em></span> <span class='ocrx_word' id='word_1_310' title='bbox 1360 3008 1363 3013; x_wconf 89' lang='grc'>.</span> 
     </span>
    </p>

    <p class='ocr_par' dir='ltr' id='par_1_14' title="bbox 399 3030 1557 3338">
     <span class='ocr_line' id='line_1_35' title="bbox 441 3030 1556 3115; baseline -0.004 -19"><span class='ocrx_word' id='word_1_311' title='bbox 441 3039 584 3115; x_wconf 78' lang='lat' dir='ltr'>Pylades,</span> <span class='ocrx_word' id='word_1_312' title='bbox 605 3043 810 3099; x_wconf 84' lang='lat' dir='ltr'>Pannomimus</span> <span class='ocrx_word' id='word_1_313' title='bbox 823 3038 957 3105; x_wconf 76' lang='lat' dir='ltr'>celebria,</span> <span class='ocrx_word' id='word_1_314' title='bbox 968 3056 1178 3103; x_wconf 69' lang='lat' dir='ltr'>memoratusa</span> <span class='ocrx_word' id='word_1_315' title='bbox 1192 3038 1223 3099; x_wconf 83' lang='lat' dir='ltr'>L.</span> <span class='ocrx_word' id='word_1_316' title='bbox 1236 3038 1342 3102; x_wconf 74' lang='lat' dir='ltr'>Seneca</span> <span class='ocrx_word' id='word_1_317' title='bbox 1362 3034 1396 3091; x_wconf 88' lang='lat' dir='ltr'>in</span> <span class='ocrx_word' id='word_1_318' title='bbox 1417 3030 1478 3092; x_wconf 89' lang='lat' dir='ltr'>fine</span> <span class='ocrx_word' id='word_1_319' title='bbox 1492 3033 1556 3109; x_wconf 86' lang='lat' dir='ltr'>QQ.</span> 
     </span>
     <span class='ocr_line' id='line_1_36' title="bbox 399 3114 1557 3199; baseline -0.003 -25"><span class='ocrx_word' id='word_1_320' title='bbox 399 3118 599 3188; x_wconf 82' lang='lat' dir='ltr'>Naturalium,</span> <span class='ocrx_word' id='word_1_321' title='bbox 614 3120 665 3179; x_wconf 89' lang='lat' dir='ltr'>ubi</span> <span class='ocrx_word' id='word_1_322' title='bbox 685 3120 783 3187; x_wconf 88' lang='lat' dir='ltr'>tradit,</span> <span class='ocrx_word' id='word_1_323' title='bbox 805 3120 868 3199; x_wconf 89' lang='lat' dir='ltr'>plns</span> <span class='ocrx_word' id='word_1_324' title='bbox 889 3121 999 3177; x_wconf 86' lang='lat' dir='ltr'>Romae</span> <span class='ocrx_word' id='word_1_325' title='bbox 1019 3115 1317 3190; x_wconf 40' lang='lat' dir='ltr'>aestimarithladem</span> <span class='ocrx_word' id='word_1_326' title='bbox 1334 3129 1385 3181; x_wconf 81' lang='lat' dir='ltr'>‚et</span> <span class='ocrx_word' id='word_1_327' title='bbox 1407 3114 1557 3171; x_wconf 85' lang='lat' dir='ltr'>Pantomi·</span> 
     </span>
     <span class='ocr_line' id='line_1_37' title="bbox 401 3193 1557 3281; baseline -0.004 -25"><span class='ocrx_word' id='word_1_328' title='bbox 401 3217 467 3257; x_wconf 87' lang='lat' dir='ltr'>mos</span> <span class='ocrx_word' id='word_1_329' title='bbox 486 3198 560 3258; x_wconf 89' lang='lat' dir='ltr'>alios</span> <span class='ocrx_word' id='word_1_330' title='bbox 573 3243 581 3267; x_wconf 85' lang='lat'><em>,</em></span> <span class='ocrx_word' id='word_1_331' title='bbox 593 3215 793 3281; x_wconf 78' lang='lat' dir='ltr'>quam-graves</span> <span class='ocrx_word' id='word_1_332' title='bbox 814 3199 959 3257; x_wconf 83' lang='lat' dir='ltr'>litteratos</span> <span class='ocrx_word' id='word_1_333' title='bbox 971 3243 977 3256; x_wconf 90' lang='lat'>.</span> <span class='ocrx_word' id='word_1_334' title='bbox 990 3199 1112 3257; x_wconf 86' lang='lat' dir='ltr'>Utinam</span> <span class='ocrx_word' id='word_1_335' title='bbox 1125 3195 1197 3276; x_wconf 88' lang='lat' dir='ltr'>quid</span> <span class='ocrx_word' id='word_1_336' title='bbox 1209 3196 1307 3255; x_wconf 87' lang='lat' dir='ltr'>simile</span> <span class='ocrx_word' id='word_1_337' title='bbox 1326 3208 1404 3253; x_wconf 85' lang='lat' dir='ltr'>nunc</span> <span class='ocrx_word' id='word_1_338' title='bbox 1424 3195 1456 3250; x_wconf 88' lang='lat' dir='ltr'>in</span> <span class='ocrx_word' id='word_1_339' title='bbox 1472 3193 1557 3273; x_wconf 86' lang='lat' dir='ltr'>pluri·</span> 
     </span>
     <span class='ocr_line' id='line_1_38' title="bbox 403 3274 1306 3338; baseline -0.006 -3"><span class='ocrx_word' id='word_1_340' title='bbox 403 3276 457 3337; x_wconf 86' lang='lat' dir='ltr'>bus</span> <span class='ocrx_word' id='word_1_341' title='bbox 476 3276 646 3338; x_wconf 86' lang='lat' dir='ltr'>civitatibus</span> <span class='ocrx_word' id='word_1_342' title='bbox 667 3298 733 3337; x_wconf 87' lang='lat' dir='ltr'>non</span> <span class='ocrx_word' id='word_1_343' title='bbox 748 3280 908 3337; x_wconf 88' lang='lat' dir='ltr'>accideret.</span> <span class='ocrx_word' id='word_1_344' title='bbox 930 3276 1114 3335; x_wconf 73' lang='lat' dir='ltr'>videmini</span> <span class='ocrx_word' id='word_1_345' title='bbox 1133 3279 1168 3335; x_wconf 90' lang='lat' dir='ltr'>in</span> <span class='ocrx_word' id='word_1_346' title='bbox 1180 3274 1226 3332; x_wconf 92' lang='lat' dir='ltr'>M.</span> <span class='ocrx_word' id='word_1_347' title='bbox 1301 3310 1306 3322; x_wconf 86' lang='lat'><strong>·</strong></span> 
     </span>
    </p>

    <p class='ocr_par' dir='ltr' id='par_1_15' title="bbox 323 3351 1555 3519">
     <span class='ocr_line' id='line_1_39' title="bbox 339 3351 1555 3438; baseline -0.004 -22"><span class='ocrx_word' id='word_1_348' title='bbox 339 3371 341 3376; x_wconf 83' lang='lat'>&#39;</span> <span class='ocrx_word' id='word_1_349' title='bbox 441 3357 629 3435; x_wconf 78' lang='lat' dir='ltr'>Pythagorici</span> <span class='ocrx_word' id='word_1_350' title='bbox 639 3356 980 3438; x_wconf 85' lang='lat' dir='ltr'>Philosophicomplures</span> <span class='ocrx_word' id='word_1_351' title='bbox 989 3358 1098 3427; x_wconf 80' lang='lat' dir='ltr'>Romae</span> <span class='ocrx_word' id='word_1_352' title='bbox 1119 3352 1428 3435; x_wconf 87' lang='lat' dir='ltr'>luerunt‚praesettim</span> <span class='ocrx_word' id='word_1_353' title='bbox 1451 3351 1555 3420; x_wconf 86' lang='lat' dir='ltr'>exiis,</span> 
     </span>
     <span class='ocr_line' id='line_1_40' title="bbox 323 3434 1553 3519; baseline -0.007 -20"><span class='ocrx_word' id='word_1_354' title='bbox 323 3475 325 3479; x_wconf 95' lang='lat'>·</span> <span class='ocrx_word' id='word_1_355' title='bbox 423 3438 510 3505; x_wconf 83' lang='lat' dir='ltr'>uiex</span> <span class='ocrx_word' id='word_1_356' title='bbox 530 3456 634 3519; x_wconf 87' lang='lat' dir='ltr'>magna</span> <span class='ocrx_word' id='word_1_357' title='bbox 645 3441 782 3507; x_wconf 82' lang='lat' dir='ltr'>Graecia,</span> <span class='ocrx_word' id='word_1_358' title='bbox 797 3438 847 3499; x_wconf 87' lang='lat' dir='ltr'>ubi</span> <span class='ocrx_word' id='word_1_359' title='bbox 862 3434 1035 3518; x_wconf 81' lang='lat' dir='ltr'>Pythagoras</span> <span class='ocrx_word' id='word_1_360' title='bbox 1055 3436 1174 3504; x_wconf 84' lang='lat' dir='ltr'>docuit,</span> <span class='ocrx_word' id='word_1_361' title='bbox 1187 3437 1312 3494; x_wconf 87' lang='lat' dir='ltr'>Romam</span> <span class='ocrx_word' id='word_1_362' title='bbox 1338 3450 1553 3493; x_wconf 84' lang='lat' dir='ltr'>concesserant.</span> 
     </span>
    </p>

    <p class='ocr_par' dir='ltr' id='par_1_16' title="bbox 389 3457 1556 4019">
     <span class='ocr_line' id='line_1_41' title="bbox 399 3457 1553 3607; baseline -0.006 -30"><span class='ocrx_word' id='word_1_363' title='bbox 399 3457 473 3578; x_wconf 54' lang='lat' dir='ltr'>gunt</span> <span class='ocrx_word' id='word_1_364' title='bbox 493 3520 544 3600; x_wconf 88' lang='lat' dir='ltr'>qni</span> <span class='ocrx_word' id='word_1_365' title='bbox 564 3519 684 3589; x_wconf 85' lang='lat' dir='ltr'>dicant,</span> <span class='ocrx_word' id='word_1_366' title='bbox 705 3536 798 3579; x_wconf 87' lang='lat' dir='ltr'>totam</span> <span class='ocrx_word' id='word_1_367' title='bbox 819 3517 998 3600; x_wconf 78' lang='lat' dir='ltr'>Pythagorae</span> <span class='ocrx_word' id='word_1_368' title='bbox 1018 3512 1250 3595; x_wconf 76' lang='lat' dir='ltr'>Philosophiam</span> <span class='ocrx_word' id='word_1_369' title='bbox 1265 3514 1492 3607; x_wconf 74' lang='lat' dir='ltr'>aenigmaticam</span> <span class='ocrx_word' id='word_1_370' title='bbox 1506 3552 1514 3577; x_wconf 83' lang='lat'><strong>,</strong></span> <span class='ocrx_word' id='word_1_371' title='bbox 1526 3528 1553 3571; x_wconf 87' lang='lat' dir='ltr'>et</span> 
     </span>
     <span class='ocr_line' id='line_1_42' title="bbox 397 3595 1555 3679; baseline -0.008 -21"><span class='ocrx_word' id='word_1_372' title='bbox 397 3598 592 3676; x_wconf 69' lang='lat' dir='ltr'>symbolicam</span> <span class='ocrx_word' id='word_1_373' title='bbox 611 3600 824 3667; x_wconf 66' lang='lat' dir='ltr'>esse.‚1ll¹sveta</span> <span class='ocrx_word' id='word_1_374' title='bbox 843 3598 991 3679; x_wconf 85' lang='lat' dir='ltr'>compluta</span> <span class='ocrx_word' id='word_1_375' title='bbox 1012 3601 1083 3673; x_wconf 83' lang='lat' dir='ltr'>ejus</span> <span class='ocrx_word' id='word_1_376' title='bbox 1102 3598 1253 3675; x_wconf 73' lang='lat' dir='ltr'>¹Praecepta</span> <span class='ocrx_word' id='word_1_377' title='bbox 1279 3595 1475 3677; x_wconf 78' lang='lat' dir='ltr'>aenigmatica</span> <span class='ocrx_word' id='word_1_378' title='bbox 1496 3610 1555 3651; x_wconf 88' lang='lat' dir='ltr'>esse</span> 
     </span>
     <span class='ocr_line' id='line_1_43' title="bbox 397 3672 1552 3756; baseline -0.005 -21"><span class='ocrx_word' id='word_1_379' title='bbox 397 3680 587 3740; x_wconf 88' lang='lat' dir='ltr'>notissimum</span> <span class='ocrx_word' id='word_1_380' title='bbox 612 3697 676 3739; x_wconf 84' lang='lat' dir='ltr'>est.</span> <span class='ocrx_word' id='word_1_381' title='bbox 698 3682 810 3739; x_wconf 91' lang='lat' dir='ltr'>Notum</span> <span class='ocrx_word' id='word_1_382' title='bbox 838 3698 881 3739; x_wconf 90' lang='lat' dir='ltr'>est</span> <span class='ocrx_word' id='word_1_383' title='bbox 908 3680 1021 3745; x_wconf 89' lang='lat' dir='ltr'>etiam,</span> <span class='ocrx_word' id='word_1_384' title='bbox 1043 3672 1220 3756; x_wconf 85' lang='lat' dir='ltr'>Pythagorae</span> <span class='ocrx_word' id='word_1_385' title='bbox 1240 3675 1398 3754; x_wconf 87' lang='lat' dir='ltr'>discipulos</span> <span class='ocrx_word' id='word_1_386' title='bbox 1419 3672 1552 3755; x_wconf 77' lang='lat' dir='ltr'>magistri</span> 
     </span>
     <span class='ocr_line' id='line_1_44' title="bbox 389 3752 1552 3839; baseline -0.008 -21"><span class='ocrx_word' id='word_1_387' title='bbox 389 3758 450 3832; x_wconf 73' lang='lat' dir='ltr'>‘sui</span> <span class='ocrx_word' id='word_1_388' title='bbox 468 3758 546 3818; x_wconf 82' lang='lat' dir='ltr'>dicta</span> <span class='ocrx_word' id='word_1_389' title='bbox 566 3770 624 3838; x_wconf 83' lang='lat' dir='ltr'>pto‘</span> <span class='ocrx_word' id='word_1_390' title='bbox 638 3759 761 3820; x_wconf 77' lang='lat' dir='ltr'>oraculis</span> <span class='ocrx_word' id='word_1_391' title='bbox 780 3757 936 3819; x_wconf 85' lang='lat' dir='ltr'>habuisse.</span> <span class='ocrx_word' id='word_1_392' title='bbox 959 3758 1054 3818; x_wconf 87' lang='lat' dir='ltr'>Multa</span> <span class='ocrx_word' id='word_1_393' title='bbox 1074 3756 1110 3815; x_wconf 88' lang='lat' dir='ltr'>de</span> <span class='ocrx_word' id='word_1_394' title='bbox 1131 3754 1296 3839; x_wconf 84' lang='lat' dir='ltr'>Pythagora·</span> <span class='ocrx_word' id='word_1_395' title='bbox 1313 3756 1380 3817; x_wconf 78' lang='lat' dir='ltr'>ride</span> <span class='ocrx_word' id='word_1_396' title='bbox 1392 3756 1426 3812; x_wconf 90' lang='lat' dir='ltr'>in</span> <span class='ocrx_word' id='word_1_397' title='bbox 1438 3755 1476 3830; x_wconf 83' lang='lat' dir='ltr'>Q,</span> <span class='ocrx_word' id='word_1_398' title='bbox 1489 3752 1552 3809; x_wconf 81' lang='lat' dir='ltr'>Mo·</span> 
     </span>
     <span class='ocr_line' id='line_1_45' title="bbox 398 3832 1554 3917; baseline -0.001 -25"><span class='ocrx_word' id='word_1_399' title='bbox 398 3836 487 3902; x_wconf 68' lang='lat' dir='ltr'>letati</span> <span class='ocrx_word' id='word_1_400' title='bbox 501 3838 640 3897; x_wconf 76' lang='lat' dir='ltr'>camarini</span> <span class='ocrx_word' id='word_1_401' title='bbox 659 3839 818 3897; x_wconf 71' lang='lat' dir='ltr'>Paratianis</span> <span class='ocrx_word' id='word_1_402' title='bbox 839 3839 963 3897; x_wconf 86' lang='lat' dir='ltr'>Dissert.</span> <span class='ocrx_word' id='word_1_403' title='bbox 979 3860 1006 3900; x_wconf 87' lang='lat'>5.</span> <span class='ocrx_word' id='word_1_404' title='bbox 1025 3882 1033 3907; x_wconf 91' lang='lat'>,</span> <span class='ocrx_word' id='word_1_405' title='bbox 1055 3837 1090 3895; x_wconf 87' lang='lat' dir='ltr'>in</span> <span class='ocrx_word' id='word_1_406' title='bbox 1109 3836 1221 3917; x_wconf 80' lang='lat' dir='ltr'>quade</span> <span class='ocrx_word' id='word_1_407' title='bbox 1241 3832 1435 3894; x_wconf 88' lang='lat' dir='ltr'>Ethnicorum</span> <span class='ocrx_word' id='word_1_408' title='bbox 1457 3832 1554 3893; x_wconf 87' lang='lat' dir='ltr'>Philo·</span> 
     </span>
     <span class='ocr_line' id='line_1_46' title="bbox 401 3912 1556 4019; baseline 0.001 -45"><span class='ocrx_word' id='word_1_409' title='bbox 401 3912 582 4008; x_wconf 53' lang='lat' dir='ltr'>sophorum,</span> <span class='ocrx_word' id='word_1_410' title='bbox 601 3920 692 3987; x_wconf 83' lang='lat' dir='ltr'>ctiam</span> <span class='ocrx_word' id='word_1_411' title='bbox 712 3919 935 4004; x_wconf 79' lang='lat' dir='ltr'>insigniorum,</span> <span class='ocrx_word' id='word_1_412' title='bbox 956 3920 1057 3997; x_wconf 74' lang='lat' dir='ltr'>crassis</span> <span class='ocrx_word' id='word_1_413' title='bbox 1087 3915 1248 4019; x_wconf 62' lang='lat' dir='ltr'>erroribus,</span> <span class='ocrx_word' id='word_1_414' title='bbox 1271 3916 1340 3999; x_wconf 87' lang='lat' dir='ltr'>quia</span> <span class='ocrx_word' id='word_1_415' title='bbox 1358 3913 1494 3977; x_wconf 86' lang='lat' dir='ltr'>subsidio</span> <span class='ocrx_word' id='word_1_416' title='bbox 1515 3933 1556 3978; x_wconf 83' lang='lat' dir='ltr'>sa·</span> 
     </span>
    </p>
   </div>
   <div class='ocr_carea' id='block_1_4' title="bbox 0 0 1664 4817">
    <p class='ocr_par' dir='ltr' id='par_1_17' title="bbox 0 0 1664 4817">
     <span class='ocr_line' id='line_1_47' title="bbox 0 0 1664 4817; baseline 0 2"><span class='ocrx_word' id='word_1_417' title='bbox 0 0 1664 4817; x_wconf 95' lang='lat' dir='ltr'> </span> 
     </span>
    </p>
   </div>
  </div>
 </body>
</html>
