3317 4817
415 369 588 495 torqeoliba„
597 440 626 486 et
642 422 717 485 alibi
738 333 1110 496 laudatusqrrinptirfecri
1129 405 1163 469 in
1183 415 1407 469 discinderent,
1418 394 1572 475 Rescir'epi

415 509 692 593 pellabantur:adeo
714 504 857 564 Romanis
876 498 1061 559 omnibusin
1074 510 1134 551 arte
1144 487 1330 563 Histrionica
1341 482 1471 543 numeris
1482 479 1574 537 omni·

414 594 470 653 bus
490 592 637 651 absolutus
645 585 767 645 Roscius
782 582 949 645 videbatur.
971 578 1047 659 Sylla
1058 577 1192 635 Dictator
1211 590 1278 629 eum
1299 562 1411 626 annulo
1430 580 1518 623 aureo
1529 560 1576 617 do·

416 673 516 733 navit.
538 673 657 732 Librum
678 669 785 735 edidit,
805 684 863 747 quo
875 662 1083 743 Eloquentiam
1102 676 1170 717 cum
1190 651 1366 712 Histriouia.
1378 642 1573 723 compararit.
1647 663 1648 670 ι

416 757 454 813 V.
469 755 546 815 Cael.
558 752 654 811 Rhod.
668 752 687 809 ἱ.
706 772 750 819 14„
762 768 784 805 c.
799 768 863 815 rr„
886 744 936 804 ubi
958 742 1039 823 plura
1058 740 1096 798 de
1115 736 1245 798 Roscio,
1264 749 1294 790 ct
1321 731 1399 788 inter
1420 726 1503 792 alia,
1525 740 1575 802 pro

415 834 671 898 mercede-diurna
692 851 758 890 eum
780 828 863 887 mille
883 827 1018 885 denarios
1037 820 1074 880 de
1094 816 1212 901 publico
1223 812 1364 893 accepisse
1377 854 1385 865 .
1396 809 1473 866 Item
1486 850 1493 873 ,
1507 822 1573 885 eum

418 917 539 977 Gallum
562 912 659 982 fuisse,
680 911 773 972 oculis
794 907 939 976 obuersis,
953 926 1006 964 nec
1025 901 1096 963 satis
1115 896 1190 960 facie
1209 898 1363 958 decorum.
1375 892 1507 951 Demum
1519 903 1575 967 pec·

420 1000 502 1059 sonis
523 1018 589 1057 cum
611 998 645 1055 in
666 992 779 1053 theam
800 992 846 1051 uti
865 991 1009 1070 coepisse.

963 1070 1020 1129 RU
1135 1104 1154 1142 0

456 1159 647 1238 Rufinianus,
664 1156 771 1217 Ora'iot
783 1152 837 1215 sub
856 1148 1222 1229 ConstantinoM,pater
1234 1135 1356 1201 Ablarii
1374 1130 1512 1195 Tatiani.
1527 1125 1578 1187 Vi·

421 1242 457 1303 de
479 1242 621 1300 Aristius
641 1240 675 1297 in
696 1240 757 1306 A„
1237 1260 1243 1273 .

457 1322 577 1400 Rufinus
597 1321 608 1396 (
630 1320 763 1379 Licinius
783 1318 816 1394 ),
833 1311 1101 1389 iureconsultus(
1120 1328 1212 1393 ⁴quern
1225 1301 1362 1383 Cujacins
1373 1294 1577 1359 Christianum

417 1400 506 1465 fuisse
526 1402 648 1476 tradit)
668 1400 721 1459 sub
741 1401 969 1480 Imperatoribus
988 1393 1147 1460 Cuacalla,
1166 1394 1270 1449 Severo
1291 1382 1392 1449 Alex„
1405 1376 1577 1437 Gordiano,
1647 1401 1648 1418 r

418 1505 448 1545 er
469 1486 563 1543 Decio
582 1482 700 1555 floruit.
724 1482 772 1540 Ad
792 1501 861 1543 eum
881 1499 984 1538 omnes
1004 1472 1125 1559 praefati
1146 1474 1297 1551 imperata
1305 1462 1442 1523 mandata
1462 1476 1510 1515 sua
1525 1453 1580 1511 mi·
1647 1527 1648 1546 Χ

422 1582 537 1627 serunt.
559 1565 679 1643 Scripsit
698 1562 784 1621 libros
807 1582 853 1619 ie.
865 1562 1051 1638 Regularum,
1060 1571 1186 1638 quonam
1209 1547 1356 1632 [sagmio
1369 1536 1580 1616 PandectisJu

420 1648 545 1707 asiniani
571 1662 709 1705 exstant.
729 1644 890 1705 eonsuirm
902 1642 959 1704 Iul.
980 1639 1136 1712 Paullum,
1157 1637 1241 1711 cujus
1259 1628 1376 1694 auditor
1395 1622 1471 1682 Olim
1490 1613 1579 1701 fuis&

421 1728 591 1887 srdpptrpppm
612 1807 624 1886 (
642 1808 813 1888 Tyrannius
831 1806 862 1884 )‚
884 1802 1084 1887 Aquilejensis
1104 1794 1275 1875 PresByter.
1291 1790 1400 1848 Graece
1412 1830 1420 1853 ,
1433 1799 1463 1841 et
1475 1779 1580 1840 Latine

423 1888 546 1955 doctus,
568 1890 666 1949 floruit
686 1892 719 1947 in
741 1886 800 1947 fine
821 1911 848 1960 4.
860 1890 919 1947 Sec.
931 1884 1097 1954 EcciFuit
1108 1883 1134 1940 S.
1149 1873 1337 1953 Hieronymi,
1347 1888 1413 1927 curn
1434 1880 1509 1921 recte
1531 1858 1581 1917 ille

424 1972 706 2040 sentiebat‚amitus
727 1972 870 2030 intimus:
892 1986 991 2050 postea
1014 1985 1080 2024 vero
1097 1967 1160 2039 ejus
1178 1957 1318 2021 aemulus,
1339 1970 1369 2009 et
1389 1946 1581 2005 obtrectator.

423 2053 510 2112 Plura
530 2056 646 2134 scripsit
667 2070 767 2131 parum
787 2053 815 2108 S.
838 2051 980 2117 Hieron..
999 2066 1029 2107 et
1049 2042 1212 2106 Catholicis
1225 2035 1371 2119 probata.
1389 2026 1496 2108 quibus
1515 2020 1581 2080 Ori·
1645 2027 1646 2088 3

422 2135 603 2217 genistarum
628 2153 733 2207 errores
760 2132 935 2211 promovit,
955 2130 1067 2209 Scripta
1093 2121 1233 2207 Origcnis
1255 2120 1288 2177 in
1309 2112 1450 2175 Latinum
1477 2099 1588 2165 sermo-x

425 2232 493 2273 nem
515 2213 688 2277 transferens
707 2234 741 2273 err
753 2215 880 2277 Graeco,
893 2230 923 2271 et
943 2231 992 2292 per
1013 2209 1207 2269 Occidentem
1229 2215 1378 2281 spargens.
1391 2192 1502 2251 Contra
1513 2203 1579 2243 eum
1640 2237 1646 2252 ,

424 2297 452 2357 S.
466 2298 546 2357 Hier.
561 2297 676 2375 scripsit
695 2298 766 2354 satis
786 2297 845 2352 acri
865 2294 959 2373 stylo.
982 2288 1134 2352 Nonnulla
1153 2278 1259 2360 Ruffiui
1273 2280 1384 2357 Scripta
1403 2270 1526 2331 arbitror
1543 2285 1583 2345 pe·

423 2378 521 2437 riisse:
533 2378 589 2438 alia
602 2396 759 2455 noupauca
780 2393 943 2454 supersunt,
954 2374 1012 2456 legi
1032 2372 1199 2455 dignatum
1211 2357 1470 2423 debitatautione.
1484 2350 1583 2426 Quan-

422 2476 487 2517 tum
513 2460 586 2517 olim
614 2460 640 2516 S.
663 2460 743 2516 Hier.
764 2453 906 2533 Ruffinum
926 2474 1002 2515 recte
1028 2454 1207 2512 sentientem
1231 2442 1389 2506 dilexerit,
1408 2431 1575 2511 intelligere

424 2557 467 2600 est
478 2558 522 2596 ‘ex
544 2540 635 2614 Epist.
648 2539 684 2597 ad
704 2558 771 2597 euru
786 2559 876 2621 ,quae
895 2556 938 2597 est
960 2557 1007 2594 ιι.
1020 2536 1067 2592 lib.
1080 2554 1107 2589 z.
1121 2532 1227 2605 Episrr.
1239 2525 1384 2585 editarum
1397 2540 1412 2575 a
1424 2518 1512 2573 Petro
1526 2512 1577 2569 Ca·

374 2700 377 2709 ‚
417 2621 524 2711 nisio:
546 2641 601 2701 qua
621 2622 755 2679 editione
777 2640 863 2679 uror.
885 2622 1051 2677 Damnatus
1071 2611 1129 2697 fuit
1151 2604 1298 2687 Rudinus,
1318 2597 1465 2682 tanquam
1485 2593 1582 2675 Orige·

422 2719 505 2763 ‚niara
526 2701 561 2761 ab
582 2702 738 2761 Anastasio
758 2703 857 2782 Papa,
879 2700 970 2759 initio
996 2721 1019 2772 5.
1040 2695 1182 2755 Ecclesiae
1202 2688 1309 2749 seculi.

465 2778 604 2861 Ruffinus,
624 2785 722 2852 Poeta,
743 2785 858 2864 scripsit
878 2783 915 2840 de
935 2781 1059 2845 Mettis,
1078 2781 1160 2848 cuius
1180 2784 1334 2851 supersunt
1354 2760 1455 2844 fragm.
1468 2758 1502 2816 in
1517 2750 1584 2828 Cul-¹

421 2862 551 2949 lectione
571 2862 672 2947 fragm.
684 2884 741 2923 ver.
756 2866 838 2923 Poet.
852 2864 987 2922 Forsitan
1008 2862 1091 2939 Opus
1111 2858 1144 2915 de
1165 2852 1270 2911 Mettis
1289 2867 1333 2910 est
1353 2840 1468 2904 Ruffini
1490 2837 1579 2919 Aqui·

424 2945 533 3024 lejtn.,
554 2946 669 3026 de·quo
689 2963 789 3005 antes.
813 2946 890 3005 Puto
909 2946 1013 3011 enim,
1034 2944 1155 3001 Poeram
1175 2940 1265 2994 etiam
1287 2928 1391 2991 fuisse.

468 3023 579 3119 Suffitas
595 3027 611 3102 -(
626 3030 650 3087 C
663 3028 691 3099 ),
705 3029 827 3091 Orator.
848 3023 1099 3107 qui·Chettiiium
1115 3065 1122 3087 ,
1137 3018 1199 3076 sive
1213 3012 1385 3075 Chritilium
1407 2999 1584 3085 quemdam

425 3127 441 3168 a
460 3110 582 3167 Sisenna
602 3104 775 3177 defensum,
796 3109 957 3167 accusarit.
979 3106 1056 3163 Cum
1074 3104 1198 3175 Sisenna
1219 3098 1296 3154 inter
1316 3088 1462 3151 orarrdurn
1483 3080 1578 3143 fatere·

426 3206 495 3252 tur,
514 3189 653 3249 clientem
681 3209 765 3249 suum
807 3190 925 3249 uaedam
947 3184 1119 3261 Spurarr'lica
1137 3182 1264 3239 crimina
1284 3172 1439 3235 admisisse
1458 3190 1466 3230 a
1487 3158 1585 3223 coufe-

428 3273 500 3335 ttinr
520 3266 653 3347 Ruffiru,
675 3268 766 3331 liouio
786 3210 909 3338 pacatus,
937 3287 965 3327 et
986 3267 1109 3345 ingenio
1130 3264 1300 3341 promptus,
1322 3252 1359 3314 ad
1380 3248 1496 3309 Iudices
1515 3258 1584 3300 con·

427 3358 525 3413 versus
544 3353 694 3432 reposuit:
715 3354 934 3419 circumvenior,
954 3336 1086 3414 Iudices,
1108 3345 1161 3403 sisi
1180 3338 1333 3402 subvertitis
1347 3353 1357 3393 ε
1371 3347 1401 3390 et
1420 3340 1584 3387 sermonem

428 3434 467 3500 ad
486 3436 638 3493 Sisennam
659 3432 781 3503 referens
793 3458 801 3496 ,ε
813 3434 949 3493 Sisenna:
962 3431 1028 3507 quir
1047 3430 1142 3490 dicus,
1163 3413 1473 3491 nescr0.Spuratilicrr
1493 3420 1585 3463 mem

431 3518 563 3576 insidias.
586 3514 777 3591 Spraatizirar
797 3518 863 3594 quid
882 3515 961 3573 doc?
980 3510 1071 3587 Spore
1092 3509 1158 3585 quid
1178 3506 1252 3571 sint,
1274 3500 1347 3558 scio:
1366 3494 1461 3552 Tilico
1478 3486 1586 3574 nescio.

431 3599 548 3677 Quibus
569 3598 658 3659 dictis
679 3619 799 3683 magnos
820 3600 854 3657 in
873 3596 1022 3657 auditorio
1041 3592 1201 3651 cachinnos
1221 3580 1378 3645 excitarit.
1391 3573 1468 3633 Vide
1481 3571 1544 3629 Cic.
1554 3580 1587 3622 ιιι

434 3682 545 3741 Bruto.
567 3681 645 3757 Rufii
667 3682 715 3739 Or.
738 3680 831 3740 desid.
1202 3707 1204 3709 v

426 3812 428 3817 .
474 3761 576 3855 Rufius
595 3757 805 3839 (Venerius),
820 3760 864 3819 vit
883 3751 1015 3818 eruditas
1029 3799 1037 3825 ,
1051 3754 1088 3814 ad
1107 3772 1196 3834 quern
1217 3742 1414 3810 Numerianus
1434 3734 1517 3794 misit
1539 3726 1589 3811 Iti·

433 3860 570 3905 netarium
591 3864 675 3905 suum
691 3894 698 3907 .
872 3848 898 3916 j
1349 3837 1353 3841 ”

472 3924 595 4003 Rufius,
617 3926 722 3985 Albini
743 3922 820 3983 filius
833 3966 840 3991 ,
853 3918 955 3979 Gloria
972 3917 1042 3980 sita
1063 3918 1155 3992 punis
1174 3910 1334 3994 appellatur
1353 3926 1369 3965 a
1389 3895 1588 3963 Numatiano.

432 4000 672 4070 dissuasisset
691 4021 817 4091 magnus
828 4005 951 4068 Orator.
970 4018 1001 4065 tt
1020 4003 1136 4063 Procas
1156 4001 1192 4057 in
1209 3989 1313 4055 Africa
1324 4034 1332 4061 ‚
1344 4003 1446 4072 genoe
1462 3974 1589 4038 nobilib·
