3317 4817
92 403 216 472 mnis
234 400 338 468 Duri)
356 409 459 470 mua
479 403 545 468 CM
562 402 627 466 θεῖ.
646 411 753 470 citatur
770 401 933 470 'eh‘torhtm
950 409 983 469 Α
1003 351 1255 491 Gaiirpycit(

88 493 163 550 MN:
177 493 205 551 Α
217 492 368 552 Prisoiaun
377 491 484 554 citatur
496 488 559 548 CN.
571 488 814 550 GelliAaraliuor
825 491 876 552 lib.
887 513 925 560 ao
936 513 970 552 :a
982 493 1116 556 charisio
1126 499 1182 557 lib.
1193 516 1240 566 or·
1263 554 1266 565 ι

91 572 220 632 Vivebat
240 591 288 632 an.
308 574 346 631 V.
368 573 403 632 C.
425 580 493 660 opo.
514 572 593 630 Usus
609 588 655 629 est
673 571 797 654 pessima
823 571 972 634 latinitate
991 619 999 644 ,
1019 593 1054 635 ut
1073 577 1243 652 Pacuuius,

89 653 262 724 Pueralus,
281 653 463 722 Pudicitiae,
485 650 647 720 Portubus,
662 653 816 717 ‚Osculum
839 653 942 716 Ossam
963 697 970 712 .
1001 655 1047 718 Ita
1073 656 1241 728 Charisius,

20 784 27 803 ,
90 735 189 794 citans
209 729 319 801 libros,
338 736 373 794 in
390 732 500 814 quihus
519 731 581 791 illis
599 732 747 793 roubuhr
766 753 834 793 usur
851 752 916 795 ert.
937 736 1014 796 Vide
1042 738 1076 796 in
1097 739 1200 798 littera
1213 739 1243 796 B

88 816 328 877 Dissertationum
346 814 388 874 de
399 812 534 883 Seculis,
553 831 626 890 puae
644 832 663 870 a
683 813 794 873 criticis
812 815 943 876 Barbara
961 818 1156 894 appellantur.
1176 819 1243 880 lllit

85 896 179 958 clietis
191 897 230 957 de
249 916 380 958 seruum
394 897 599 956 Romanorum
611 913 697 976 prava
708 896 881 963 Latinitate,
890 895 977 968 addo,
991 900 1041 958 vix
1053 900 1241 962 millesimam

84 995 202 1058 partem
223 978 370 1039 similium
390 975 616 1044 vocabulorum,
635 975 741 1057 quibus
760 978 861 1037 Latini
887 979 1067 1060 antiquiores
1087 985 1134 1040 nai
1152 999 1241 1052 suut,

84 1059 242 1122 collectam
261 1080 278 1118 a
299 1079 346 1117 me
364 1077 447 1118 esse.
467 1057 500 1116 Si
518 1057 623 1116 omnia
650 1057 840 1140 colligerem,
860 1057 894 1118 iu
914 1079 966 1118 ens
991 1061 1129 1121 uolumen
1148 1063 1240 1122 sordi·

84 1139 188 1200 ἀπιιιιι
202 1173 221 1207 ,-
232 1158 262 1198 et
281 1137 463 1198 horridarum
483 1155 590 1196 vocum
608 1131 814 1208 conficeretur,
837 1079 916 1220 quoi
935 1143 1048 1222 opponi
1070 1157 1166 1224 posset
1192 1161 1242 1205 ro·

84 1219 197 1280 tabulis
218 1239 319 1300 patum
341 1220 457 1281 Latinis
474 1217 711 1280 Christianorum
729 1220 925 1302 Scriptorum,
943 1241 1016 1302 quae
1035 1241 1096 1284 ram
1116 1223 1242 1308 diligen·

87 1316 131 1360 ter
151 1322 169 1360 a
192 1302 348 1364 nonnullis
358 1301 484 1362 Criticis
498 1298 680 1367 collecta‚et
700 1316 801 1362 notan
821 1300 972 1388 leguntur.
986 1307 1064 1364 llaec
1085 1321 1178 1389 pauca
1192 1305 1241 1364 ad·

85 1380 211 1440 modum
227 1421 237 1447 ,
256 1397 286 1442 et
305 1383 407 1442 minua
419 1377 545 1440 'horrida
564 1379 765 1451 ridebuntur,
785 1383 812 1442 ai
830 1401 900 1442 cum
920 1385 1078 1464 priscorum
1103 1384 1256 1462 Ethnico·⁴

86 1480 152 1521 tum
176 1462 280 1542 parum
292 1464 408 1524 Latinis
428 1461 595 1532 vocabulis,
608 1481 638 1520 tt
655 1463 926 1524 constructionibus
939 1463 1139 1528 conferantur.
1150 1464 1243 1548 Quotl

83 1543 109 1602 si
129 1543 245 1624 Scripta
260 1545 368 1604 omnia
387 1544 493 1604 Latina
511 1543 634 1626 antiqua
654 1544 768 1628 integra
783 1543 832 1605 ad
853 1563 907 1605 nor
933 1549 1158 1626 pervenissent;
1180 1567 1243 1608 non

84 1640 203 1693 unum,
223 1625 276 1684 sed
295 1625 388 1685 multa
417 1624 594 1689 volumina,
613 1643 730 1704 pravam
762 1627 950 1708 antiquorum
978 1627 1171 1694 Ethnicorum
1193 1632 1246 1692 La·

84 1705 243 1763 ciuitatem
269 1704 458 1765 continentia
487 1705 535 1763 cdi
556 1722 675 1786 possem
697 1749 705 1765 .
726 1707 834 1766 Eorum
849 1705 1079 1781 latinitatem,
1100 1714 1152 1792 qui
1172 1711 1246 1770 velit

82 1780 260 1848 defendere:
272 1787 306 1844 in
320 1786 481 1846 latinitate
494 1786 683 1856 asumensis,
695 1802 726 1845 et
744 1786 910 1863 judicanda,
921 1789 1062 1848 Cicerone
1074 1793 1244 1870 peritiorem

85 1882 149 1922 esse
169 1883 313 1946 oportet:-
325 1887 392 1926 cum
414 1865 518 1926 Cicero
537 1865 649 1925 multos
667 1887 703 1924 ex
723 1865 802 1936 illis,
815 1887 888 1948 quos
907 1870 1014 1928 Critiei
1035 1871 1174 1930 nonnulli
1181 1889 1246 1938 ,mu

103 1946 137 2002 ni
160 1947 297 2005 nominis
316 1948 394 2006 inter
420 1965 519 2006 aureae
545 1949 825 2006 aeuua'scri‘tores
856 1955 1023 2019 recensent,
1047 1951 1121 2011 male
1142 1952 1247 2011 Latine

80 1963 214 2089 hrcutos,
227 2027 361 2098 diserte,
373 2046 404 2086 et
423 2031 487 2088 sine
505 2026 676 2108 ambagibus
694 2049 711 2095 a
743 2045 837 2088 ruret:
858 2029 937 2110 quod
957 2049 1055 2110 postea
1076 2033 1240 2115 Augustus,

82 2107 221 2178 Asinius,
235 2108 349 2174 Pollio,
360 2110 503 2169 Horatius
515 2151 522 2176 ,
535 2109 579 2168 M.
590 2113 703 2177 Seneca,
715 2109 878 2174 Martialis.
897 2111 1122 2189 Quintilianus,
1145 2111 1247 2181 etalii
1293 2121 1300 2135 ‘

81 2187 194 2248 Critici
214 2185 336 2248 Erhnici
355 2233 364 2258 ,
386 2190 527 2250 Cicerone
546 2189 731 2268 posteriores,
749 2191 841 2250 etiam
862 2188 1060 2252 affirmarunt.
1083 2194 1167 2272 Quae
1188 2211 1242 2274 ego
1287 2219 1291 2228 ·

80 2286 254 2348 opportune
269 2289 317 2338 ,et
337 2272 507 2350 importune
527 2270 661 2338 inculco,
684 2289 721 2328 ne
741 2271 848 2329 critici
869 2269 1061 2334 Ethnicorum
1076 2274 1247 2334 latinitatis

80 2349 300 2414 admiratores,
321 2369 358 2410 ne
379 2354 452 2410 item
473 2347 649 2431 Philosophi
667 2349 832 2411 illuminati
859 2349 945 2430 hujus
965 2353 1075 2423 seculi,
1097 2370 1248 2436 praetextu

79 2430 189 2488 minus
209 2424 324 2500 cultae,
344 2445 373 2490 et
395 2450 481 2514 purae
501 2431 668 2500 latinitatis,
688 2451 705 2490 a
725 2429 852 2490 lectione
870 2435 1019 2494 Sacrorum
1039 2433 1203 2504 Librorum,
1219 2437 1249 2493 ἐι

79 2511 125 2568 85.
137 2512 279 2580 Parrum,
293 2513 373 2570 uncle
394 2510 554 2593 petendum
575 2531 656 2598 χιιι
675 2512 836 2589 sapientiae
856 2511 956 2573 lumen
977 2515 1014 2574 ad
1024 2516 1152 2576 seculum
1166 2514 1247 2576 istud

76 2591 452 2674 magisillnminandum,
477 2607 643 2654 trauntur
660 2634 672 2651 ι.
693 2593 781 2653 laxit
799 2594 898 2664 Deus,
920 2595 999 2676 quod
1023 2597 1107 2658 valde
1127 2615 1244 2666 vertor,

82 2689 122 2730 rte
142 2669 246 2731 surdis
263 2693 388 2732 canam.
1143 2725 1147 2736 ,
1228 2677 1232 2683 ’

123 2742 277 2830 Gellius(
302 2753 459 2829 Sextus),
480 2752 636 2820 Annalium
656 2751 746 2813 ειίιιιι
766 2754 911 2836 Scriptus,
932 2757 984 2838 qui
1004 2756 1040 2818 ab
1060 2757 1180 2818 Aurelio
1192 2755 1249 2816 Vi·

79 2848 165 2892 ttotc
185 2832 318 2903 citatur,
340 2853 374 2894 ut
393 2837 467 2894 Tito
487 2835 575 2894 Liuio
596 2835 766 2914 antiquior.
786 2837 909 2916 Scripsit
929 2839 1018 2903 etiarn
1039 2839 1098 2895 lih·
1110 2839 1143 2896 ic
1163 2838 1246 2915 origi·

79 2933 118 2971 ne
137 2913 244 2971 Gentis
254 2915 415 2973 Romanum
437 2915 600 2993 Dionysius
619 2916 766 2975 Halicarn.
788 2918 971 2980 mentionem
993 2914 1063 2978 facit
1082 2918 1164 2976 Serti
1177 2917 1244 2976 Gel.

76 2993 98 3051 l.
122 3015 151 3053 r.
174 2992 278 3070 Antip.
299 2996 383 3055 Rom.
406 2997 434 3054 Α
455 2997 543 3055 variis
562 2996 693 3076 antiquis
713 2997 911 3076 scriptoribus
926 2998 1055 3059 citantur
1076 2999 1165 3060 Gellii
1186 2997 1245 3056 An-

76 3074 184 3143 nales,
207 3092 270 3133 non
290 3075 424 3136 indicato
444 3077 651 3157 praenomine:
673 3095 732 3155 qno
751 3074 802 3145 ht,
825 3093 858 3136 ut
879 3080 1063 3149 nesciamus,
1082 3084 1165 3159 quus
1178 3077 1245 3136 Gel-

76 3153 110 3292 hi
131 3153 270 3212 Annales
295 3157 413 3231 citent,
442 3157 510 3216 caet
530 3175 584 3223 ne.
604 3175 644 3216 an
668 3153 774 3218 Sexti?
793 3159 890 3238 nujus
920 3173 1073 3242 supersunt
1102 3157 1245 3222 noumlle

105 3255 122 3293 a
144 3250 274 3293 menta.
423 3263 426 3266 ⁴

117 3255 244 3372 gellius
263 3313 345 3390 (L),
357 3319 479 3385 Orator,
492 3333 523 3376 tt
543 3318 598 3377 Vir
616 3316 865 3378 consularium
885 3338 920 3379 eo
940 3321 1080 3382 meminit
1099 3339 1166 3380 cum
1188 3318 1257 3382 latr-1

74 3395 113 3454 (le
133 3396 206 3455 Cic.
214 3395 249 3452 in
268 3394 383 3466 Bruto,
402 3417 434 3456 et
451 3398 583 3457 lihnde
601 3399 712 3474 legibus
732 3443 740 3457 .
760 3400 831 3459 Fuit
853 3402 988 3466 Prutor,
1008 3421 1038 3460 et
1057 3421 1092 3460 ex
1113 3403 1247 3460 Praetura

74 3475 200 3534 Procos.
220 3475 256 3533 in
276 3478 421 3547 Graecia,
442 3478 515 3547 uhi,
535 3494 609 3538 teste
629 3473 770 3540 Cicerone
789 3479 824 3551 ¹«le
843 3478 973 3557 legibiles
992 3470 1173 3540 contenthm
1196 3477 1247 3536 ha·

74 3555 145 3616 huit
168 3550 421 3637 Philosophorum
441 3559 617 3618 divmarum
636 3561 802 3628 Securum,
822 3577 856 3619 ut
876 3581 927 3620 eos
938 3561 1023 3620 ‘inter
1042 3581 1089 3629 se,
1103 3579 1152 3642 ptr
1172 3557 1249 3619 mul·

74 3653 107 3704 ta
128 3634 230 3695 cocula
250 3636 426 3698 ansanus
438 3654 491 3703 ‚et
510 3655 671 3722 pugnantes
682 3684 693 3709 ,
704 3639 892 3710 conciliaret,
906 3659 934 3702 et
949 3661 1002 3723 pax
1022 3643 1168 3701 intereos
1188 3639 1251 3711 ini·

75 3733 184 3777 retur.
207 3717 318 3775 Verum
347 3737 410 3776 non
437 3735 549 3778 temere·
564 3720 781 3797 existimarim,
802 3737 982 3783 conventum
1004 3723 1094 3781 istum
1115 3718 1248 3780 habuisse

76 3798 203 3879 magis,
224 3814 260 3855 ut
278 3817 328 3857 eor
347 3797 500 3868 irrideret,
521 3819 626 3880 quam,
647 3797 681 3860 ut
700 3801 977 3862 conciliaret.Plut.
989 3803 1023 3861 in
1046 3801 1174 3862 Cicerone
1193 3801 1246 3870 ait,

76 3899 150 3938 eum
175 3877 212 3936 in
232 3879 340 3937 Senatu
357 3874 490 3941 elisisse:-
503 3880 700 3948 Ciceroniob
719 3881 910 3962 patefactam,
930 3899 960 3940 et
979 3883 1157 3964 dissipatam,
1171 3882 1249 3942 eati·

75 3958 163 4021 linae
185 3960 443 4038 conjurationem,
463 3979 602 4023 coronam
621 3963 747 4024 civicam
767 3963 889 4024 deberi.
914 3963 1089 4025 cleantem
1111 3967 1146 4028 iu
1166 3963 1248 4026 Orat.

1024 4064 1042 4104 u
1066 4065 1086 4106 e
1186 4093 1191 4108 -,
