3317 4817
629 347 688 415 nu
1181 371 1204 414 r·

82 433 219 497 monium
241 429 313 494 satis
332 431 463 520 'amplum
478 425 631 493 iniuriose
650 435 776 494 virens.
796 428 935 494 Versibus
956 431 1016 495 auis
1037 432 1149 495 Neroni
1161 376 1177 504 ἶ
1189 432 1243 495 cui

81 517 114 574 in
134 515 266 589 moribus
286 516 370 577 valde
390 515 500 576 similis
519 534 600 584 erat,
621 515 808 581 adulabatur,
828 534 887 597 quo
907 516 1034 577 Neronis
1057 518 1180 599 gratiam
1201 518 1239 575 si·

81 597 111 656 bi
130 598 326 657 conciliavit.
347 600 389 657 ili
411 616 507 657 versus
527 597 699 677 perierunt,
721 596 769 657 rel
788 596 901 656 latent.

121 677 259 737 Aurelius
280 679 336 755 (M
346 679 367 754 ),
379 675 539 737 Antoninis
560 678 701 744 nomine,
720 677 790 759 quia
810 676 847 737 ab
867 676 1026 737 Antonino
1048 678 1103 737 Pio
1122 674 1244 757 adopta·

82 775 183 828 tus,et
204 758 398 836 Philosophus
417 761 516 820 dictus
534 758 574 821 ob
594 779 732 845 magnum
744 760 857 819 Stoicae
879 756 1086 839 Philosophiae
1097 758 1240 827 studium.

80 842 128 899 cui
147 862 166 901 a
186 860 276 922 puero
296 862 346 924 per
365 846 462 903 'totum
483 839 562 901 vitae
582 856 648 901 suae
665 859 781 901 cursum
793 840 912 902 deditus
923 837 1001 899 fuit.
1018 840 1087 919 Ejus
1097 839 1239 921 ingenio.

81 938 111 980 et
130 921 267 983 doctrina
285 941 387 1005 captus
407 924 582 983 Antoninus
604 925 683 993 Pius,
705 919 796 981 liliam
817 942 898 981 suam
912 921 1080 981 faustinam
1097 920 1122 977 ei
1134 924 1168 980 in
1181 938 1240 979 ma·

81 1004 262 1063 trimonium
283 1004 385 1070 dedit,
397 1024 427 1065 et
436 1024 510 1065 cum·
524 1024 614 1064 uxore
624 1024 676 1085 pro
688 1003 759 1063 dote
772 1004 952 1084 imperium.
975 1002 1043 1061 Fuit
1056 1002 1101 1060 rit
1116 1001 1253 1081 prodem-

80 1085 170 1150 εἰπε..
187 1102 220 1144 et
239 1086 400 1147 virtutibus
420 1085 578 1145 monadibus
605 1086 763 1168 insigniter
792 1100 935 1153 ornatus:
956 1083 1003 1143 cui
1033 1083 1068 1141 in
1094 1082 1237 1141 convivio

82 1167 216 1225 Deorum
238 1164 317 1226 nihil
336 1166 494 1245 objectum,
507 1167 567 1227 nisi
581 1166 667 1248 quod
688 1166 781 1225 nimia
802 1184 853 1225 sna
874 1165 1082 1247 prudentia‚et
1094 1164 1242 1243 patientia

80 1246 250 1327 impudicos
263 1250 363 1307 uxoris
373 1268 466 1309 mores
478 1247 606 1307 tulisset.
615 1246 685 1306 Fuit
695 1249 786 1306 etiam
800 1246 916 1310 bellice
928 1246 1005 1327 pacis
1018 1242 1127 1303 artibus
1139 1245 1237 1303 clarus.

79 1328 202 1408 Scripsit
216 1327 474 1390 sastinianum
487 1328 555 1398 suis,
569 1328 719 1409 inquibus
731 1327 822 1387 multa
835 1327 871 1388 ad
882 1322 1018 1387 Ethicam
1027 1322 1103 1385 Phil.
1111 1328 1238 1406 spectari·

79 1410 122 1467 tia
133 1409 276 1468 tradidit.
288 1410 386 1470 Plures
406 1412 487 1469 Orat.
498 1428 568 1491 quas
587 1411 621 1469 in
641 1410 772 1479 Castris,
793 1425 823 1468 et
843 1406 878 1467 id
897 1410 1003 1469 Senatu
1024 1405 1125 1466 habuit
1146 1406 1249 1467 deside

80 1490 245 1571 imperarit
263 1510 309 1549 an.
326 1510 385 1563 ¹9-›
395 1510 424 1551 et
435 1490 512 1551 obiit
532 1480 813 1573 fereSixagenarius.
825 1492 891 1551 Huc
904 1486 1010 1549 faniam
1020 1486 1239 1549 sunmobscura·

80 1572 141 1638 vit,
162 1570 246 1652 quod
266 1569 450 1642 Christianos
469 1572 674 1641 mitiaverit,
694 1592 817 1653 quorum
839 1573 946 1638 armis,
968 1587 997 1646 ep
1017 1570 1054 1629 ad
1085 1568 1236 1629 Christum

79 1652 214 1731 precibus
233 1654 505 1715 Marcomannicum
526 1652 634 1712 bellum
654 1654 690 1711 in
709 1653 869 1714 Germania
888 1650 1011 1711 feliciter
1025 1647 1167 1711 confecit.
1184 1654 1240 1709 Ve-

79 1752 143 1791 rum
167 1750 266 1813 posteo
289 1735 392 1793 mitior
411 1737 445 1793 in
457 1732 642 1796 Christianos
661 1731 762 1799 factus,
782 1735 851 1794 satis
862 1733 1018 1793 clementer
1029 1732 1064 1789 de
1075 1731 1137 1791 illis
1150 1729 1242 1812 Ephe-

79 1813 104 1872 si
116 1814 152 1871 in
164 1816 325 1873 Oonrmtu
337 1816 454 1895 publico
465 1816 579 1875 locutus
592 1832 637 1875 est
646 1861 653 1884 ‚
663 1834 692 1874 et
706 1816 742 1874 ad
755 1814 903 1875 Praesides
924 1814 1056 1893 scripsit,
1069 1812 1163 1871 citans
1177 1814 1242 1870 An}
1271 1821 1275 1829 ’

80 1894 190 1951 toniniv
205 1896 255 1953 Pii
274 1895 405 1955 edictum
426 1896 462 1955 dt
484 1916 546 1955 non
567 1897 707 1956 uexandis
727 1895 836 1957 Christ.
856 1939 864 1965 ,
885 1894 910 1953 si
931 1892 1009 1953 nihil
1029 1911 1128 1953 contra
1149 1894 1239 1953 Rom.

80 1976 248 2055 Imperium
270 1993 433 2037 tentarent.
448 1978 527 2037 Vide
547 1977 663 2038 Eusene
677 1976 756 2035 Hist.
769 1977 850 2035 Eccl.
864 1976 892 2036 ’1.
903 2001 933 2049 4.
954 1976 1059 2051 Epistt.
1073 2019 1080 2044 ,
1094 1995 1165 2055 quae
1187 1972 1240 2035 sub

78 2060 141 2132 ejus
157 2057 281 2116 nomine
292 2056 464 2141 leguntur,a
478 2061 619 2122 Ouenasa,
628 2058 733 2124 editae,
739 2056 831 2119 conlic
839 2076 883 2117 tae
897 2075 1084 2141 reputantur.
1097 2057 1180 2115 Plura
1200 2072 1244 2117 ra·

80 2146 149 2196 med
171 2138 349 2197 documenta
378 2137 550 2199 idonaa'ad
581 2157 676 2200 mores
703 2136 871 2199 formandos
889 2141 999 2199 -in'eis
1019 2136 1238 2202 inveniuntur.

81 2216 171 2276 Obiit
190 2236 238 2275 an.
255 2217 368 2279 Christi
392 2230 457 2281 180.
471 2224 574 2280 Dicere
595 2220 703 2281 solebat
717 2244 724 2280 z
738 2222 808 2285 Eos.
819 2224 866 2297 qui
879 2221 996 2295 Reipub.
1004 2237 1139 2297 praesunt
1151 2261 1158 2284 ,
1168 2220 1243 2295 cogi·

82 2315 143 2355 rare
164 2299 280 2365 debere,
301 2321 356 2358 rem
372 2304 472 2378 populi
492 2321 522 2360 se
540 2320 651 2383 gerere:
663 2322 718 2360 nort
737 2302 926 2383 suamrquod
946 2304 1059 2363 dictum
1073 2301 1124 2360 alii
1141 2300 1242 2363 Adria·

51 2396 120 2439 ,uo
141 2378 298 2445 tribuunt.
588 2442 593 2451 ,
1084 2409 1086 2415 ’
1234 2438 1238 2449 .

122 2458 328 2527 Auruncanus,
340 2464 428 2525 Poeta
449 2466 538 2545 Satyr.
560 2480 737 2525 memoratus
758 2484 773 2521 a
795 2466 899 2525 Juren.
919 2460 981 2525 Sat.
1004 2472 1030 2522 ό.
1065 2464 1135 2541 Ejus
1154 2461 1263 2541 Say-¹

82 2558 129 2598 rae
148 2540 244 2601 desid.
425 2609 429 2613 4
531 2617 533 2620 Ι
680 2588 684 2593 .

120 2622 271 2681 Ausonias
283 2624 294 2696 (
308 2623 363 2683 iul.
377 2623 398 2698 l,
414 2619 619 2685 Valentiniani
632 2628 705 2707 lmp.
715 2625 848 2695 Medicus
862 2666 870 2691 ‚
884 2644 962 2707 pater
976 2625 1120 2695 Ausonii,
1132 2624 1168 2689 de
1180 2644 1248 2707 quio

83 2720 174 2759 mox.
195 2705 317 2785 Scripsit
337 2704 404 2763 libb:
423 2708 535 2787 aliquot
557 2708 593 2766 de
613 2705 834 2765 Medicinalibus
853 2706 983 2767 l'audatos
1003 2728 1019 2766 a
1041 2706 1241 2777 Vindiciano,

81 2799 110 2841 tt
122 2784 279 2852 Marcello,
293 2788 344 2866 qui
356 2788 420 2851 ¹iibri
442 2806 502 2845 non
523 2806 708 2868 comparent.
729 2791 798 2864 Ejus
818 2786 1145 2850 honorificentissimam
1160 2804 1240 2848 men-

82 2864 198 2922 tionem
222 2861 293 2924 facit
313 2864 390 2929 lilius
411 2870 445 2927 in
465 2868 653 2929 Carminibus
667 2870 747 2929 suis.
769 2870 859 2950 Apud
881 2872 1046 2951 Aquitanos
1074 2886 1178 2953 magna
1199 2888 1240 2929 sa·

81 2944 212 3022 pientiae
232 2942 308 3006 fama
326 2947 453 3007 claruit.
587 2968 591 2975 ’
775 2970 779 2975 ’
1068 2974 1085 2983 ‘
1139 2994 1140 2997 ,

119 3024 268 3084 Ausonius
289 3026 453 3101 (Decimus
464 3032 592 3114 Magnus
603 3030 625 3107 ),
639 3029 766 3111 praeced.
780 3028 873 3101 filius,
887 3032 992 3095 Poeta,
1005 3046 1034 3090 et
1046 3027 1158 3090 llhetor
1169 3033 1236 3091 Bur·

80 3102 263 3188 degalensis‚
285 3108 423 3169 Gratiani
444 3108 590 3180 caesaris.
611 3114 687 3171 et&
713 3112 860 3182 Paullini‚
883 3108 974 3173 Nolae
995 3127 1092 3193 postea
1121 3114 1241 3193 Epist..

82 3188 220 3325 mapister
232 3230 240 3245 .
252 3189 337 3249 Plura
350 3189 473 3249 Ausonii
485 3193 621 3251 Poemata
643 3192 776 3275 leguntur
789 3194 874 3252 vario
892 3212 987 3253 metro
1009 3194 1169 3262 lucubrata,
1186 3193 1236 3254 sed

79 3284 171 3325 muta
191 3267 304 3339 desid..
325 3290 358 3329 ut
387 3271 565 3332 Tetrasticha
595 3272 630 3334 ab
657 3272 848 3357 Heliogabalo
877 3276 951 3355 Imp.
974 3274 1011 3335 ad
1039 3276 1235 3334 Gratianum.

79 3346 121 3403 Er
141 3345 261 3424 Idyllr'is
285 3372 331 3421 29.
353 3354 482 3430 niaxima
502 3373 565 3434 pars
586 3355 721 3433 septimi,
735 3371 766 3412 et
787 3352 921 3415 lascivior
941 3356 977 3414 ad
998 3356 1140 3415 Bissulam
1162 3357 1239 3414 ami.-

79 3447 139 3486 cam
162 3430 273 3510 periit.
296 3434 413 3492 Necad
435 3454 488 3493 nos
509 3451 702 3515 pervenerunt
722 3440 784 3508 eius
804 3436 904 3505 Fasti,
925 3454 998 3516 quos
1018 3436 1055 3495 ad
1076 3434 1169 3495 filium
1189 3436 1234 3494 di-

77 3511 168 3569 rexit.
182 3512 211 3567 Α
232 3512 375 3572 Gratiano
396 3516 464 3575 Cos.
480 3517 657 3598 designatus,
679 3517 854 3575 Orationem
869 3511 1095 3577 Eucharisticani
1117 3518 1235 3578 adeum

81 3583 183 3649 habuit
203 3609 256 3671 pro
276 3594 512 3655 suo=Consulatu
526 3641 534 3664 ,
546 3616 603 3677 qua
622 3597 774 3662 ostendit,
795 3616 824 3656 se
846 3616 945 3677 parurn
967 3599 1000 3671 in
1022 3598 1159 3657 Oratorio
1182 3608 1238 3676 sty-¹

80 3666 114 3726 lo
133 3672 292 3731 exercuisse
305 3718 313 3743 ‚
327 3692 356 3733 et
378 3678 471 3759 magis
494 3697 587 3745 versa,
601 3696 688 3756 quarn
709 3696 804 3757 prorsa
818 3679 952 3737 Oratione
973 3678 1111 3738 valuisse.
1132 3680 1178 3737 De
1199 3698 1234 3737 eo

85 3748 143 3807 dici
165 3770 326 3832 potest,ex
346 3756 407 3815 illis
427 3756 551 3816 alterum
573 3754 675 3826 fauisse,
688 3760 748 3840 qui,
770 3760 899 3839 propitia
920 3756 1052 3827 fortuna.
1074 3778 1108 3818 err
1131 3756 1235 3841 profes-

81 3834 157 3889 sorio
178 3852 298 3892 munere
318 3836 353 3894 ad
363 3836 556 3897 Consulatum
577 3839 670 3898 evecti
693 3856 769 3908 sunt,
783 3857 817 3898 ut
837 3840 898 3904 alii,
919 3841 1086 3899 adversante
1103 3836 1233 3905 fortuna»

85 3929 120 3968 ex
139 3914 225 3997 regali
247 3914 314 3976 sede
334 3917 369 3975 ad
389 3916 522 3977 Scholam
550 3936 621 3979 sunt
641 3919 777 3979 deducti:
798 3921 879 4001 quod
899 3922 1046 4000 Dionysio
1066 3920 1165 3981 Siculo
1197 3938 1240 4002 ty·

84 4001 174 4053 ranno
193 3995 380 4079 accidit,qoi
398 3997 539 4060 Corinthi
554 4006 664 4082 pu'tros
683 4016 750 4082 post
769 4016 893 4084 reginam
914 4002 1048 4063 mercede
1065 4001 1167 4065 doouit
1183 4018 1237 4076 ,ut

1013 4103 1072 4165 βλ
