3317 4817
454 347 489 413 rt
954 328 1007 391 Μ

408 415 598 498 quodetiam
620 411 698 473 inter
717 412 873 471 Romanos.
889 408 1043 471 obtinuit.
1064 408 1157 473 Hinc.
1177 407 1394 488 Barbationis.
1411 408 1449 473 ln
1521 428 1566 482 eru

409 499 539 558 incidere
559 498 647 555 etiam
670 515 718 553 eos
739 512 832 575 puto,
854 494 905 574 qui
934 491 1133 552 Soloecisrrtum
1161 490 1346 555 admittunt.
1368 494 1448 556 vide
1498 496 1568 554 aloe·
1642 492 1643 575 ᾗ

407 582 509 638 emmor
526 579 559 637 in
580 576 610 634 S.
632 582 855 634 Ante-aetatem
889 576 1016 654 Augusti
1043 576 1078 633 in
1106 595 1159 635 usu
1189 594 1251 636 non
1279 594 1339 635 erat
1372 594 1428 635 ror
1458 575 1568 643 Barba·
1642 586 1643 603 ¹

408 662 524 719 riantur.
547 658 666 716 Vitium
681 658 848 719 sermonis,
868 656 947 738 quod
968 655 1165 715 Barbarirmus
1185 656 1314 725 dicitur,
1330 658 1364 715 in
1384 674 1473 739 quem
1494 656 1567 726 iucif

404 742 501 810 dunt,
521 740 573 819 qui
594 738 709 797 barbare
727 737 905 817 loquuntur,
919 736 1100 819 appellabant
1122 738 1251 797 Romani
1272 738 1390 819 antiqui
1410 737 1570 797 Rusticita·
1642 748 1643 767 l

407 840 477 890 rem,
496 841 546 880 seu
566 820 722 877 Rusticum
743 836 917 883 sermonem,
928 838 1020 898 eoque
1040 820 1118 878 vitio
1138 818 1290 901 loquentes
1310 818 1416 880 rustice
1427 818 1513 899 loqui
1524 813 1570 879 di·
1642 870 1643 877 ,

406 903 563 961 rebantur.
585 902 630 959 lta
650 898 716 957 Gel.
732 899 781 955 lib.
796 922 810 956 r
816 921 842 969 3.
856 918 916 978 cap.
929 907 955 959 ό.
969 900 1039 957 ΝΝ.
1061 898 1156 960 citans
1176 900 1335 983 Nigidium
1356 900 1392 957 in
1412 898 1568 959 Commeat.
1642 900 1643 943 ἒ

405 984 561 1041 Grammat.
588 982 633 1039 De
653 979 850 1045 Barbarirmo,
862 1000 920 1061 quo
932 982 1011 1041 vitio
1031 982 1138 1062 puritas
1160 983 1282 1045 Latinae
1301 980 1417 1061 linguae
1437 999 1569 1043 curruma
1642 1026 1643 1047 2

406 1066 505 1144 putuit,
527 1077 617 1145 agunt
628 1058 802 1123 Cornificius
822 1063 870 1119 lib.
882 1088 911 1133 4.
925 1062 1040 1121 Rhetor.
1054 1062 1092 1121 ad
1112 1064 1307 1122 Herennium..
1319 1058 1450 1139 Quintil.
1471 1060 1520 1119 lib.
1538 1084 1563 1125 r.

348 1148 354 1157 '
405 1143 475 1203 inst.
491 1144 593 1212 Orat,
614 1160 643 1201 et
663 1144 750 1203 Mart.
766 1143 785 1200 l.
800 1152 826 1201 ό.
840 1144 968 1227 Epigin
989 1145 1170 1209 cinnamum,
1191 1142 1243 1203 ubi
1266 1144 1335 1206 haee
1356 1138 1442 1204 habet
1455 1141 1567 1215 ludent
1642 1164 1643 1235 ᾗ

404 1226 439 1285 in
460 1226 570 1285 variato
592 1224 718 1283 cinnami
739 1225 880 1283 nomine.

644 1305 776 1370 Cinnam,
798 1304 948 1376 Cinname,
971 1324 997 1365 re
1013 1306 1093 1383 juber
1114 1301 1224 1365 vocari.

641 1385 709 1443 Noa
729 1403 771 1452 cst
792 1382 857 1455 hic,
882 1406 964 1465 rogo,
986 1386 1074 1447 ciana
1095 1388 1304 1445 barbarismus?

617 1510 620 1514 .
649 1465 694 1522 Tu
715 1467 739 1523 si
759 1468 863 1527 Furius
883 1486 949 1527 aare
968 1469 1060 1535 dictur
1080 1488 1173 1538 esses,
1273 1476 1274 1480 ’

646 1550 703 1607 Fur
724 1548 781 1605 isra
802 1548 909 1607 ratione
927 1551 1074 1611 dicereris.
1390 1582 1392 1589 ‹

401 1629 539 1697 Ovidius,
560 1628 593 1687 in
606 1627 705 1687 Ponto
723 1628 815 1687 latine
835 1628 965 1709 loquens,
984 1629 1108 1690 barbaris
1120 1629 1207 1688 Getis
1227 1627 1359 1689 barbarus
1385 1641 1464 1693 erat.
1513 1630 1563 1707 uia

400 1711 438 1772 ab
457 1711 516 1769 illis
535 1713 597 1789 ejus
616 1727 710 1767 sermo
731 1728 793 1768 non
813 1710 1048 1849 intelligebatur.
1064 1714 1107 1770 lta
1129 1710 1219 1774 Ouid.
1232 1710 1469 1791 ipsescribens=
1487 1646 1563 1770 dar·

402 1793 485 1850 dariis
506 1790 552 1847 lrit
572 1808 624 1866 ego
638 1792 834 1865 sumptionis
846 1793 914 1849 intel
928 1796 991 1871 igar
1009 1790 1253 1851 ulli.AdOvidii
1265 1790 1378 1852 dictum
1401 1790 1455 1852 hoc
1476 1788 1564 1852 fossi·
1642 1844 1643 1873 ,

400 1891 452 1932 tan
472 1872 597 1951 respexit
618 1872 642 1929 S.
654 1871 769 1932 Paullus
789 1874 824 1930 in
844 1873 937 1949 Epist.
951 1894 977 1931 r.
990 1876 1027 1931 ad
1049 1871 1206 1931 Corinthios
1227 1891 1287 1947 cap.
1304 1892 1348 1942 ¹4·
1364 1872 1421 1931 :Si
1442 1892 1494 1948 ego
1517 1894 1562 1930 ne·
1642 1904 1643 1909 κ

400 1956 506 2012 scivero
526 1954 657 2011 uirtutem
678 1954 765 2021 vocis,
777 1971 844 2023 ero,
865 1968 892 2012 er
908 1956 958 2017 ,cui
978 1955 1078 2030 loquor
1095 1953 1244 2024 hardarat,
1255 1970 1281 2012 et
1301 1954 1349 2028 qui
1368 1954 1495 2029 loquitur
1512 1954 1563 2011 mi-

400 2032 430 2091 lei
451 2034 610 2092 Barbarus.
632 2031 767 2092 Arbitror
787 2034 886 2103 enim,
909 2038 934 2094 S.
947 2034 1133 2117 Apostolum,
1155 2036 1242 2093 Rom.
1255 2034 1360 2093 Civem
1372 2078 1378 2102 ,
1390 2052 1454 2097 non,
1474 2034 1563 2093 Grae·
1642 2094 1643 2111 χ

390 2120 449 2174 'eos
471 2113 566 2172 solum
588 2113 788 2194 Poetae,quos
808 2116 880 2175 citat
900 2118 933 2179 in
955 2114 1137 2177 sermonibus
1157 2116 1194 2175 ad
1215 2116 1347 2183 Graecos,
1359 2113 1409 2173 sed
1422 2160 1430 2183 ,
1443 2131 1472 2174 er
1493 2113 1561 2173 lari·

394 2212 469 2261 ·nos,
482 2211 555 2272 quos
576 2211 637 2251 non
658 2194 739 2262 citat,
761 2196 881 2277 legisse.
895 2200 973 2257 Haec
994 2198 1164 2261 ostendunt,
1174 2197 1337 2255 dictionem
1358 2195 1504 2253 Barbaros
1518 2216 1564 2253 va-

398 2274 443 2334 tle
462 2273 612 2352 usurpari,
631 2290 661 2332 et
680 2275 844 2337 Barbarietn
866 2281 899 2337 in
921 2299 1052 2349 sermone
1073 2278 1183 2363 linguis
1212 2277 1351 2336 omnibus
1371 2274 1407 2353 ab
1427 2295 1473 2335 eas
1495 2294 1562 2334 nott
1642 2308 1643 2353 l

398 2352 635 2439 intelligentibus
654 2355 795 2420 adscribit

555 2459 558 2468 ’
741 2455 966 2497 orrcrurarro
987 2456 1032 2496 on
1053 2456 1205 2503 suevus.
1291 2454 1294 2459 ·

640 2536 728 2595 ·quae
746 2540 765 2577 a
786 2523 900 2581 Critias
920 2536 1076 2577 sansana
1089 2521 1290 2597 ‚appellantia

414 2597 689 2659 uariarasecara
709 2621 725 2659 a
745 2604 868 2663 Criticis
889 2622 950 2663 non
971 2602 1068 2662 infimi
1101 2600 1230 2663 subsellii
1258 2598 1462 2681 appellantur,
1486 2618 1561 2679 quae
1642 2574 1643 2621 l

374 2699 462 2764 ,post
475 2680 642 2743 Hortarium
656 2702 724 2744 sunt
745 2704 859 2745 excursa
880 2702 969 2765 usque
990 2685 1026 2745 ad
1037 2686 1209 2743 instauratas
1230 2681 1401 2739 litteraazeo
1413 2681 1492 2760 quod
1507 2683 1560 2739 La·
1642 2696 1643 2707 ¹

393 2764 459 2825 tina
479 2764 579 2859 lingua
599 2765 707 2823 sensim
729 2780 795 2847 post
815 2764 1001 2826 barbarorum
1022 2766 1055 2824 in
1077 2764 1251 2824 Occidentis
1267 2760 1436 2842 provincias
1463 2762 1555 2819 Rom.
1642 2792 1643 2845 p

394 2845 516 2926 Imperat
537 2846 750 2926 irruptiones-a
771 2862 820 2906 sua
842 2843 990 2925 puritate,
1013 2866 1041 2906 et
1062 2863 1141 2905 recto
1168 2865 1220 2903 usu
1241 2843 1410 2910 deflexerit,
1431 2841 1560 2901 admista

394 2923 524 3005 pluribus
545 2922 680 2994 vocibus,
695 2946 725 2985 et
745 2924 894 3007 phrasi-bus
915 2926 1099 2987 Barbarorutn
1110 2946 1184 3007 :quo
1203 2922 1326 2985 facturn·⁴
1336 2940 1394 2991 est,
1407 2940 1440 2981 ut
1454 2930 1559 2981 eorru-
1642 2928 1643 2997 l

393 3012 443 3086 pte
463 3002 599 3064 homines
619 3006 709 3066 etiam
730 3008 811 3066 docti
832 3006 1009 3079 scriberent,
1029 3026 1058 3068 et
1077 3008 1273 3089 loquerentur,
1298 3026 1329 3065 ac
1351 3006 1486 3062 Romana
1509 3004 1560 3061 lit·
1642 3004 1643 3015 *

392 3099 516 3146 stratura
538 3086 588 3144 vix
610 3087 806 3146 excoleretur.
827 3092 901 3147 Sunt
928 3108 1036 3160 tamen,
1057 3091 1109 3170 qui
1139 3089 1319 3167 opinentur,
1341 3105 1388 3165 per
1410 3103 1560 3143 summanr
1642 3090 1643 3161 J

391 3164 532 3243 injuriam
549 3164 587 3224 ab
599 3154 738 3228 uitiatum
760 3188 922 3228 sermonem
938 3172 1077 3246 Latinum
1100 3190 1132 3228 ea
1144 3169 1240 3227 Secula
1253 3164 1561 3244 Barbaraappellari,

390 3243 461 3306 licet
480 3246 514 3305 in
535 3266 601 3309 cum
613 3248 716 3308 multa
738 3250 875 3310 vocabula
904 3254 1052 3334 peregrina
1084 3251 1270 3329 irrepserint,
1292 3249 1366 3329 quin
1388 3246 1558 3305 examinare

390 3325 505 3406 velint,
529 3345 625 3387 utrum
658 3329 820 3392 multitudo
851 3329 954 3392 horum
977 3331 1187 3391 vocabulorum·
1214 3346 1422 3413 exaggeretur:
1450 3324 1557 3407 hisque
1642 3374 1643 3403 ,

358 3439 366 3455 ·
390 3408 552 3468 rationibus
583 3410 620 3468 ad
640 3410 682 3469 ita
709 3412 892 3505 opinandum
921 3412 1104 3471 adducuntur
1134 3430 1160 3468 r.
1193 3412 1261 3491 quia
1289 3407 1470 3489 temporibus
1496 3418 1560 3488 Ap-

388 3490 433 3569 pii
453 3488 572 3570 Claudii
593 3493 782 3560 Decemviri,
802 3494 835 3552 in
856 3492 962 3573 'quibus
984 3492 1060 3575 leges
1083 3512 1128 3551 12.
1145 3492 1323 3551 Tabularum
1345 3491 1496 3571 digestae,
1521 3508 1554 3547 ac

388 3569 717 3653 peremptoriarum,
739 3590 768 3632 et
790 3573 998 3655 posterioribus
1027 3574 1107 3634 Livii
1138 3573 1324 3639 Andronici,
1348 3571 1482 3638 Naevii,
1507 3572 1558 3629 Pa·

388 3650 484 3718 curii,
507 3651 592 3709 Accii
612 3653 808 3732 antiquioris,
824 3658 945 3725 -Ennii,
968 3654 1086 3723 Plauti,
1102 3654 1210 3713 Lucilii
1226 3652 1371 3721 ‚Lucretii
1388 3672 1442 3718 ‚ac
1463 3652 1555 3709 etiam

322 3750 339 3761 ‘¹
387 3730 537 3789 Ciceronis
557 3734 732 3813 aero,plura
753 3732 866 3796 barbara
888 3736 1025 3797 vocabula
1042 3736 1225 3794 inLatinunr
1247 3750 1410 3792 sermonem
1434 3732 1555 3811 irrepse-

384 3828 470 3878 rant,
492 3814 566 3892 quin
586 3812 715 3875 Barbara
735 3836 767 3875 ea
786 3818 884 3878 Secula
912 3817 1111 3897 appellentur:
1133 3832 1165 3874 ut
1200 3816 1342 3877 mittant,
1363 3813 1549 3890 Dionysium
1642 3868 1643 3877 ,

386 3892 531 3952 Halicarn.
541 3892 683 3955 affirmare
694 3896 742 3954 lib.
757 3900 895 3973 1.Arttiq.
912 3898 993 3955 Rom.
1006 3899 1141 3959 Latinam
1156 3896 1286 3979 linguam
1299 3916 1334 3954 et
1346 3896 1455 3952 Graeca
1472 3940 1479 3961 ,
1493 3895 1550 3951 Ae·
1642 3910 1643 3913 ’

385 3970 460 4038 elica
481 3974 515 4035 in
535 3976 655 4057 primis,
677 3994 708 4037 et
727 3998 763 4038 ex
784 3977 910 4043 barbarie
929 3978 1058 4063 linguis,
1081 3976 1280 4063 Aboriginum
1301 3975 1414 4051 scilicit
1427 4021 1434 4044 ,
1447 3974 1554 4039 Ethru·
1642 3968 1643 4063 l
