3317 4817
102 473 240 542 Marius,
259 471 315 536 Vir
343 467 517 555 multiplicis
535 468 706 536 doetrinae.
725 468 761 532 de
780 486 842 552 quo
861 463 954 530 Ouid.
973 467 1001 528 l.
1021 489 1051 539 4-
1069 469 1105 528 λε
1123 468 1217 528 Poura

69 553 156 632 Epist.
180 558 361 616 16.cecinit·
906 617 915 625 ,

226 639 267 698 Et
287 637 402 696 Marius
421 637 530 723 Scripsi
543 636 640 695 dexter
657 635 695 694 ad
714 652 792 692 orare
810 650 918 711 gerat.

70 720 136 796 Ejus
158 719 263 798 scripta
284 721 362 780 varia
383 719 474 780 desid.

106 797 222 858 Marius
234 801 244 876 (
254 805 298 876 C)
310 838 322 864 s
330 801 470 880 Arpinas,
492 799 560 857 vil.
577 798 642 858 cos.
658 843 665 868 ,
686 797 767 879 quod
788 794 902 856 nemini
921 794 955 854 in
967 794 1053 852 Rom.
1068 792 1154 852 libera
1167 794 1226 854 Re·

70 877 132 959 pub.
147 880 322 961 contigerat,
337 881 496 938 Orationem
517 876 617 938 habuit
638 879 673 937 ad
694 897 760 960 pop.
774 880 880 945 Rom,
896 877 993 956 inqua
1004 893 1065 931 non
1078 871 1223 932 inficiabt·
1278 907 1281 910 ⁴

70 975 134 1026 tur,
157 979 186 1017 se
207 979 241 1016 ex
257 960 388 1040 ignobili
409 979 510 1042 genere
531 976 648 1026 ortum,
670 979 699 1017 et
720 979 818 1038 parum
845 960 878 1016 in
901 955 1069 1035 disciplinis
1084 956 1221 1034 ingenuis

70 1057 234 1105 uersatum.
256 1043 364 1098 Verum
386 1041 509 1098 militari
531 1040 646 1106 virtute,
660 1057 689 1096 et
709 1039 866 1118 disciplina
886 1056 935 1095 sua
955 1033 1055 1093 fecisse
1067 1035 1221 1108 ajebat,ut

70 1118 173 1177 domus
185 1139 251 1177 suae
264 1119 403 1178 nobilitas
423 1121 455 1177 in
469 1141 498 1178 se
519 1119 761 1198 inciperet:quod
780 1136 881 1177 conus
902 1115 1047 1175 accidebat
1068 1115 1221 1173 nonnullis

70 1196 236 1266 nobilibus,
251 1200 308 1278 *qui
327 1201 357 1258 ei
376 1199 620 1280 obloquebantur,
644 1205 827 1276 novitatem,
848 1216 879 1256 et
899 1194 1125 1278 ignobilitatem·
1138 1190 1221 1254 fami·

70 1277 120 1336 liae
141 1279 170 1336 ei
190 1277 387 1352 objectantes:
409 1283 460 1360 qui
489 1299 593 1358 nempe
623 1280 729 1360 ignaro
757 1281 821 1337 otio
836 1319 844 1343 .
862 1294 893 1336 et
915 1277 998 1338 luxui
1018 1275 1114 1334 dediti
1134 1271 1224 1335 facie·

69 1356 158 1426 bant,
179 1375 213 1416 ut
234 1359 371 1418 nobilitas
391 1361 423 1417 in
445 1361 487 1418 eis
508 1357 594 1417 linem
605 1356 718 1423 haberet
731 1405 738 1428 ,
750 1359 861 1418 illustre
873 1357 950 1416 nibil
960 1355 996 1415 ad
1010 1353 1116 1414 binam
1129 1376 1220 1436 agen·

69 1455 131 1498 tes.
153 1438 232 1496 Vide
251 1439 363 1501 Sallust.
383 1441 415 1498 in
436 1439 595 1516 Iugurtha,
617 1442 667 1498 ubi
687 1439 773 1510 huius
793 1438 884 1497 Marii
906 1438 1065 1503 Oratianis,
1078 1455 1150 1516 quse
1171 1437 1217 1518 de·

70 1519 230 1586 sideratur,
252 1520 410 1578 sententias
435 1520 560 1580 illustres
579 1514 678 1579 affers.
703 1520 812 1579 ,Plures
833 1521 866 1578 in
887 1517 986 1578 castris
1006 1517 1154 1574 Orationes
1180 1517 1218 1576 ad

70 1599 178 1656 milites
207 1595 356 1666 habuisse,
379 1600 474 1660 nullus
501 1601 620 1660 dubito:
640 1597 707 1660 cum
729 1602 929 1658 Romanorum
956 1600 1133 1656 exercituum
1155 1596 1230 1654 dur

69 1678 265 1760 egregius‚'et
290 1681 474 1758 saepissime,
491 1696 559 1738 tum
591 1683 624 1738 in
651 1679 746 1739 Civili
774 1679 851 1738 bello
878 1694 978 1737 contra
1006 1675 1131 1753 Syllam,
1153 1692 1218 1735 tum

70 1761 157 1814 etiam
178 1757 212 1815 in
233 1758 374 1840 legitimis
385 1777 493 1819 contra
514 1759 638 1839 Reipub.
659 1757 756 1818 hostes
785 1759 880 1817 victor
900 1756 1006 1816 literis.
1029 1755 1106 1813 Vide
1126 1756 1162 1813 de
1182 1775 1217 1815 eo
1242 1817 1246 1820 ,
1325 1805 1327 1809 .

69 1836 145 1914 plura
167 1837 200 1894 in
223 1839 309 1895 Rom.
325 1841 500 1907 Historicis,
522 1843 573 1920 qui
587 1845 647 1916 ejus
659 1855 840 1919 prosperam,
857 1856 886 1896 et
906 1837 1052 1896 adversam
1073 1833 1226 1916 fortunamx

69 1917 227 1975 luculenter
247 1918 399 1978 denarrans
411 1966 417 1978 .
430 1921 532 1979 Cicero
547 1921 651 1979 Poenis
664 1922 696 1978 iu
711 1920 825 1978 laudem
846 1923 907 1996 ejus
927 1915 1031 1986 edidit,
1044 1916 1222 1996 inscriptum

70 1995 203 2056 Marius.
226 1997 393 2058 Plutarchus
417 2006 478 2077 ejus
505 2001 595 2058 Vitam
618 2002 752 2081 scripsit.
1100 2043 1105 2052 ·

106 2077 242 2146 Marius,
264 2075 445 2139 fabriferra'rii
466 2077 558 2146 filius,
579 2081 649 2138 alter
669 2101 703 2139 ex
730 2080 878 2160 Tyrannis
904 2096 1036 2160 tempore
1064 2075 1217 2137 Aureliani

74 2158 208 2234 Imperat.
230 2159 298 2230 Eius
319 2159 354 2217 ad
374 2161 488 2218 Milites
508 2161 668 2218 Orationem
688 2159 769 2220 affert
789 2160 1037 2234 Trebel-Pollio.

114 2237 329 2306 Maroboduus,
350 2242 506 2298 Suevorum
529 2243 660 2321 princeps
675 2243 745 2321 ‚qui
766 2259 860 2322 partes
880 2240 1078 2298 Romanorum
1099 2237 1134 2296 in
1153 2237 1226 2296 Ger·

71 2318 166 2374 mania
188 2337 316 2388 secutus,
335 2338 366 2376 et
386 2339 489 2400 magna
509 2321 599 2403 gloria
619 2321 695 2401 apud
718 2341 782 2380 suos
802 2319 1100 2384 florens,Catualdae,
1114 2316 1223 2376 nobilis

68 2398 182 2472 juvenis
205 2401 272 2466 vi,c
293 2413 381 2480 regno
403 2401 517 2478 pulsus,
531 2401 566 2460 ad
588 2402 737 2460 Romanos
756 2401 810 2460 sub
821 2399 943 2459 Tiberio
963 2419 992 2457 se
1011 2398 1220 2476 recepit.Ora·

71 2475 168 2531 monem
191 2476 371 2559 magnificam
394 2482 427 2536 in
447 2483 552 2540 Senatu
573 2482 683 2540 Romae
703 2479 821 2546 habuit,
841 2499 899 2559 qut
919 2499 968 2542 ae,
990 2497 1019 2536 et
1041 2475 1215 2547 Antiocho,

67 2569 97 2610 et
116 2555 224 2633 Pyrrho
245 2558 358 2638 regibus
379 2560 529 2639 aequabat.
546 2563 726 2624 Ravennam,
746 2560 844 2619 relicta
857 2561 962 2622 Roma,
982 2556 1141 2637 profectus,
1154 2558 1217 2618 illie

73 2631 215 2714 inglorius
235 2639 408 2706 consenuit.
430 2641 507 2697 Vide
526 2642 651 2700 Temlib.
667 2659 693 2697 2.
707 2639 782 2698 Arra.
815 2663 818 2670 ¹
1044 2654 1047 2658 '
1220 2669 1227 2672 ·

108 2713 265 2774 Marcellus
286 2715 303 2792 (
320 2719 468 2778 Victorius
490 2721 517 2792 l,
539 2722 575 2779 ad
595 2739 680 2800 quem
703 2737 744 2778 est
765 2720 851 2780 Statii
870 2719 962 2793 Epist.
977 2719 998 2778 l.
1011 2714 1137 2792 4.Syir}
1159 2717 1221 2777 lau·
1295 2763 1298 2766 .

19 2857 20 2860 Ἴ
67 2791 147 2852 datur
166 2811 306 2876 tanquam
329 2817 449 2880 magnus
469 2803 573 2858 Orator
593 2801 629 2859 ab
648 2802 797 2864 Statio,et
817 2817 958 2878 tanquam
978 2815 1084 2878 magno
1105 2797 1218 2876 praedi·

66 2887 113 2932 tus
131 2876 280 2956 ingenio:
296 2879 420 2937 Videtur
440 2897 510 2938 tunc
537 2877 631 2939 adhuc
650 2877 766 2957 juvenis
786 2875 892 2938 fuisse.
1138 2890 1150 2906 ²
1221 2902 1225 2906 ’

108 2953 225 3014 Marsas
246 2955 263 3030 (
280 2957 386 3016 Vibius
403 2959 441 3036 ),
461 2959 496 3018 de
516 2979 574 3039 quo
594 2960 684 3020 tradit
703 2959 822 3018 Tacitus
843 2959 864 3017 1.
881 2963 908 3015 ό.
921 2956 996 3016 Ana.
1015 2958 1137 3022 vetustis
1156 2976 1222 3017 mo·

65 3030 160 3103 ribus,
183 3052 213 3093 et
234 3037 342 3094 studiis
361 3037 503 3097 illustrem
525 3038 630 3100 fuisse.
1224 3083 1229 3095 ,

107 3113 223 3172 Marsus
243 3117 254 3192 (
275 3119 429 3176 Domitius
450 3119 476 3193 ),
491 3119 592 3187 Poeta,
606 3121 657 3200 qui
678 3120 875 3194 Amatouidem
892 3118 1007 3200 scripsit
1026 3139 1156 3179 successu
1168 3134 1217 3199 pa·

64 3211 127 3250 rum
148 3192 249 3264 felici,
271 3197 295 3253 si
316 3199 445 3255 Martiali
465 3200 632 3268 credimus,
654 3202 704 3280 qui
725 3220 806 3279 saepe
825 3200 864 3258 de
883 3219 919 3258 co
940 3199 1134 3258 meminit'in
1155 3202 1215 3259 suis

65 3273 157 3348 Epigr.
170 3295 202 3334 ac
224 3275 316 3334 levem
338 3278 477 3356 appellat,
492 3279 527 3336 de
547 3285 607 3356 ejus
628 3280 798 3353 Amatoru‘de
818 3278 902 3338 rerba
923 3275 1045 3338 faciens.
1070 3281 1140 3353 Ejus
1160 3300 1218 3338 me·

65 3353 156 3412 ruinis
175 3356 270 3414 ovid.
283 3356 319 3414 de
331 3359 428 3415 Ponto
448 3359 469 3414 l.
484 3381 511 3428 4.
526 3359 579 3433 Ep.
597 3359 795 3423 16.Melenim
818 3359 940 3439 puellam
960 3358 1125 3426 celebrarit,
1147 3375 1220 3418 teste

67 3431 217 3493 Martiale.
240 3436 284 3492 Ex
305 3455 339 3493 eo
359 3433 439 3495 affert
451 3439 527 3498 Suet.
541 3458 654 3498 versum
668 3442 701 3497 in
711 3438 861 3498 Orbilium
874 3440 1045 3506 Grammat,
1060 3457 1109 3498 sua
1130 3439 1218 3498 saeri-

68 3512 161 3572 siaiu
182 3515 362 3593 discipulos,
387 3535 511 3576 nutum.
536 3537 542 3544 ·

165 3600 167 3604 ’
226 3591 327 3669 Siquos
350 3596 473 3654 Orbilius
490 3597 608 3675 ferula,
630 3600 788 3676 scuticaqrte
808 3599 925 3658 cecidit.

110 3673 219 3731 Martia
228 3719 235 3740 ‚
244 3675 397 3734 Hortensii
409 3697 490 3743 uxor,
510 3679 595 3738 docta
616 3676 758 3740 foemina.
768 3681 812 3739 lta
824 3679 962 3739 Sidonius
975 3677 1012 3739 sd
1023 3677 1194 3758 Hesperium
1205 3695 1222 3735 .·

111 3752 280 3822 Martialis,
302 3757 435 3815 Medicus
455 3757 653 3818 Erasistrateus
672 3761 812 3839 ‚scripsit
831 3760 897 3817 libb.
922 3760 999 3816 birros
1019 3757 1223 3824 Anatoruicos,

67 3831 134 3890 Em
155 3827 488 3916 sepiuageaatiusscum
510 3838 640 3900 Galenus
665 3840 826 3918 etaetatis
846 3859 893 3903 aa.
909 3856 1004 3922 ageret
1018 3881 1026 3900 .
1041 3837 1118 3899 Vide
1137 3839 1228 3901 Gale·

66 3929 140 3970 nuru
161 3915 195 3972 in
207 3915 433 3991 liddastriptis
445 3918 586 3994 propriis.
608 3987 609 3990 Ἴ
831 3939 842 3945 ·
877 3932 881 3941 ¹
1025 3924 1027 3929 ·

149 4070 220 4132 Pars
248 4074 291 4140 ΙΙ.
620 4101 622 4105 -
1007 4161 1010 4166 ⁴
1042 4083 1060 4144 ι
1135 4039 1140 4056 ’

441 4166 446 4204 l
