3317 4817
299 395 315 414 2
610 357 676 418 :PL
1152 363 1199 422 st.

83 435 204 500 nomn·
217 433 545 498 luerint‘nottt'iz'licet
565 437 654 496 etiam
677 436 738 503 sint
760 435 863 504 multi,
877 433 929 517 qni
942 433 1080 493 Plautum
1101 432 1230 516 carpant,

83 539 114 578 eo
132 519 208 600 qaod
228 519 320 578 multa
342 517 478 578 vocabula
499 539 532 576 er
554 514 632 580 foece
655 518 735 598 vulgi
756 519 917 598 usurparit.
939 502 1004 574 Ain
1023 528 1141 575 contra:
1162 536 1230 574 eum

83 599 214 667 laudant,
236 602 370 681 eoquod
390 601 526 660 Latinam
546 599 677 680 linguam
699 600 785 656 novis
807 597 953 657 vocabulis
972 598 1074 656 ditarit
1087 641 1094 665 ,
1109 616 1137 656 et
1169 596 1230 656 uod

84 682 180 740 Latina
201 678 307 760 phrasi,
319 701 388 761 pura
400 726 408 749 ‚
421 699 450 740 et
471 681 597 760 eleganti
618 697 729 741 utatur.
742 677 820 738 lllad
834 679 915 738 valde
925 675 1119 738 honorificum
1140 617 1229 734 drau-

84 777 109 817 to
120 803 126 828 ,
139 761 216 840 quod
235 764 393 821 aVarrone
413 778 556 821 narratura
578 759 727 834 Stolonem
750 779 874 841 nempe,
892 761 954 820 sive
972 759 1115 817 Stilonem
1137 759 1231 818 dicere

83 841 213 900 solitum:
226 843 325 902 Musas
345 845 369 900 si
381 845 484 908 Latine
505 841 602 921 eloqui
624 841 746 910 vellent,
761 841 899 900 Plautino
919 839 1231 898 sermone-locuturas.

86 921 169 999 Quod
183 923 313 982 Stolonis
334 925 446 986 dictum
468 941 568 1002 parum
590 922 724 1004 probarit
744 924 898 998 Muretus,
920 922 1026 1002 quiin
1053 921 1113 979 suis
1141 919 1238 976 Variis

83 1000 252 1060 Lectionibus
273 1005 314 1062 sic
334 1004 448 1064 dicrum
469 1003 544 1063 illud
564 1001 722 1062 emendat:
743 1002 842 1062 Musas
863 1022 991 1082 nempe,
1013 1002 1038 1058 si
1059 1000 1229 1068 meritricio,

82 1099 107 1138 et
126 1099 183 1140 non
207 1083 340 1175 virgineo
361 1105 459 1154 more,
477 1087 501 1143 si
523 1083 603 1166 vulgi
624 1102 778 1154 sermone,
798 1102 828 1142 et
849 1101 911 1141 non
932 1081 1058 1149 urbano,
1072 1081 1153 1162 loqui
1175 1079 1232 1139 rel·

80 1161 152 1230 lent,
165 1163 331 1228 Plautinum
352 1165 542 1245 proculdubio
561 1184 724 1224 sermonem
746 1179 947 1244 usurpatores.
967 1165 1004 1221 Et
1026 1183 1092 1221 saue
1105 1162 1230 1220 Plautus

81 1241 166 1301 nimis
186 1240 350 1324 frequenter
370 1247 541 1306 Comoediis
562 1247 622 1305 suis
640 1245 780 1309 lenones,
801 1264 830 1304 et
851 1245 948 1315 lenas,
970 1242 1179 1312 meretriculas,
1201 1261 1231 1324 qr

82 1323 214 1402 parasitos
234 1328 268 1384 in
288 1324 432 1388 theatrum
454 1327 588 1395 adducit,
610 1326 644 1384 in
664 1346 722 1407 qno
742 1325 831 1384 etiam
853 1327 983 1406 peccavit
996 1325 1167 1394 Terentius,
1182 1343 1232 1404 pp-

82 1403 166 1482 pulo,
189 1425 239 1464 seu
261 1406 348 1488 vulgo
408 1411 468 1469 tius
489 1409 596 1487 plaeere
614 1411 855 1488 cupiens,quam
877 1405 993 1466 civibus
1004 1406 1078 1464 bene
1099 1405 1230 1474 moratis,

79 1499 104 1540 et
124 1486 296 1546 institutis.
317 1428 423 1548 Multis
446 1491 526 1548 item*
540 1487 666 1546 Plautus
688 1486 789 1556 verbis,
802 1508 901 1568 parum
922 1487 1052 1568 pudicis,
1072 1485 1230 1555 obsoletis,

82 1564 272 1631 Graecismis,
291 1585 321 1628 et
343 1569 521 1634 Archaismis
545 1570 637 1633 utitur
655 1610 664 1632 ‚
683 1591 699 1628 a
719 1568 824 1648 quibus
845 1568 946 1629 Musae
966 1567 1157 1648 proculdubio
1172 1563 1230 1626 'ab-

72 1645 233 1715 stinerent',
255 1650 280 1706 si
300 1651 404 1710 Latine
424 1651 506 1730 loqui
527 1650 823 1711 vellent..Comscdies
845 1670 909 1709 suas
928 1649 1013 1707 dabar
1035 1645 1226 1710 Plautus,te-

76 1741 112 1781 ste
131 1727 298 1797 Ricciolio,
320 1751 388 1790 ante
408 1730 606 1791 Christianam
626 1750 718 1790 aeram
740 1731 826 1788 annis
856 1751 922 1788 200.
958 1731 1153 1788 liecensemur
1186 1749 1221 1802 30

82 1823 158 1884 supra
182 1825 248 1868 too.
262 1809 296 1868 ab
317 1831 350 1869 eo
372 1813 463 1879 datae,
475 1831 593 1891 quarum
615 1831 677 1890 pars
697 1810 825 1870 maxima
846 1810 1041 1887 desidvarro
1052 1827 1152 1870 tamen
1170 1809 1226 1879 ait,

77 1903 130 1942 non
151 1907 254 1947 omnes
274 1889 425 1949 Plautinas
446 1913 524 1960 esse,
547 1912 618 1970 quae
638 1891 745 1948 Plauto
762 1885 1010 1958 'tribuuntutmed
1024 1888 1127 1948 multas
1140 1887 1229 1947 Plau·

76 1967 196 2035 alomna
218 1971 333 2030 Plautio
353 1974 478 2053 quodam
508 1974 704 2053 compositas.
718 1972 890 2032 'Nonnullas
912 1971 1022 2030 dicitur
1042 1967 1225 2039 lucubrasse,

76 2064 134 2105 cum
155 2050 189 2108 in
212 2052 339 2130 pistrino
360 2053 468 2115 molam
491 2071 632 2126 versarer,
656 2071 760 2136 magna
780 2053 883 2132 inopia
903 2051 1054 2111 laborans·
1073 2052 1111 2108 V.
1123 2050 1188 2107 Cel.
1202 2057 1223 2114 l.

75 2146 167 2204 amp.
185 2154 213 2200 3·
235 2132 304 2190 NN;
320 2135 365 2192 En
386 2131 599 2214 Epitaphium,
620 2133 700 2214 quod
720 2131 870 2213 sepulchro
889 2152 942 2193 suo
965 2132 1060 2194 voluit
1080 2130 1223 2192 inscribi.

229 2213 383 2289 Postquam
405 2233 446 2272 ast
465 2232 553 2274 morte
576 2231 674 2290 captus
697 2215 846 2285 Plautus,
1203 2211 1207 2218 ¹

234 2295 379 2352 Comoedia
402 2296 504 2372 luget:
521 2294 610 2355 Scene
631 2311 672 2353 est
694 2298 821 2356 deserta.
874 2325 885 2367 a

230 2374 452 2442 Demittunt,
472 2378 576 2440 ludus,
591 2377 748 2454 jocusque,
768 2395 796 2435 et
816 2378 921 2436 numeri

229 2455 369 2516 Irrnumeri
390 2459 474 2515 simul
499 2476 590 2528 omnes
611 2459 871 2534 collacrymantes.

74 2530 191 2592 Videtur
214 2537 340 2598 Punicae
359 2538 476 2622 linguae
496 2557 558 2598 non
578 2539 732 2616 imperitus
752 2535 863 2602 fuisse:
884 2533 967 2598 affert
1000 2557 1125 2620 namque
1152 2557 1225 2600 nou.

73 2611 161 2674 nullos
180 2617 312 2680 Punicos
328 2639 424 2678 versus
444 2621 478 2678 in
499 2620 584 2678 altera
605 2639 639 2678 cx
661 2621 850 2689 Comoediis,
863 2639 932 2700 quas
953 2617 1090 2680 habemus
1104 2665 1111 2678 .
1124 2619 1221 2678 Obiis·

74 2695 243 2756 tetraditur
263 2697 461 2766 antechristi
481 2719 577 2758 ortum
599 2718 645 2762 an.
666 2710 731 2774 184.
797 2749 803 2764 ,
829 2747 837 2758 .
905 2747 910 2754 .
1003 2766 1008 2780 ¹

88 2771 245 2862 Plautus,
267 2779 420 2840 Rubellus.
442 2783 543 2848 Deeo
562 2782 630 2841 Tac.
641 2782 660 2838 l.
676 2777 809 2858 rapiare
824 2781 1065 2857 ,aitSroicornm
1085 2799 1223 2864 arrogan·

74 2867 140 2914 tram
162 2861 367 2940 assumpsisse.
380 2863 462 2929 ‚Eum
485 2878 623 2942 tanquam
642 2881 753 2928 ,vanum
774 2879 857 2921 notat
878 2859 1099 2922 recensata.

109 2934 261 3007 Plautius,
283 2943 373 3002 Poeta
393 2943 546 3010 Comicus,
567 2942 681 3022 dequo
703 2945 813 3013 Varro,
829 2962 869 3016 ,ut
893 2942 1005 3002 dictum
1025 2958 1089 3000 est.

109 3016 213 3078 Plebs:
234 3021 362 3082 Plebeii.
384 3023 461 3083 Vide
481 3023 600 3080 Patritii
621 3043 723 3103 supra,
778 3073 780 3084 Α

105 3095 257 3186 Platorius
268 3105 278 3179 (
290 3103 345 3179 M)
358 3148 366 3171 ,
388 3106 493 3164 Orator
506 3147 514 3172 ‚
535 3103 586 3184 qui
607 3105 649 3162 M.
665 3105 845 3180 Fonte-lupi„
855 3125 871 3164 a
883 3105 945 3165 Cic.
958 3102 1119 3173 defensum,
1140 3123 1219 3164 accu-

71 3179 140 3250 sarit
160 3185 407 3262 repetundarum,
422 3205 456 3244 eo
475 3185 554 3264 quod
576 3186 690 3262 Praetor
704 3187 736 3244 in
759 3186 857 3244 Gallia
876 3204 1012 3268 questum
1030 3182 1145 3250 fecisset
1167 3187 1224 3247 ria·

70 3275 127 3316 rum
149 3265 340 3332 munitione,
362 3281 391 3324 et
413 3265 478 3324 vini
500 3267 641 3344 portoriis
662 3268 834 3340 institutis.
926 3314 931 3320 .
1144 3316 1148 3322 ,
1199 3317 1205 3329 .

83 3418 87 3429 ¹
102 3339 236 3409 Plinius.
248 3346 398 3426 antiquior
419 3347 452 3406 C.
466 3345 566 3416 Plinio
586 3347 733 3416 Secundo,
746 3365 777 3406 et
788 3348 891 3424 Plinio
902 3348 1050 3425 Caecilio,
1062 3349 1156 3430 magis
1171 3345 1221 3408 no

67 3425 129 3558 trsg
143 3424 275 3494 citatur,
297 3445 330 3487 ut
350 3427 515 3494 Historicus
535 3429 675 3502 aTaeitp
692 3427 743 3497 lib.
758 3451 804 3497 13.
819 3429 918 3502 Aura,
938 3431 990 3492 ubi
1017 3431 1056 3491 de
1082 3425 1215 3496 Boetho,

68 3517 94 3556 tt
130 3523 237 3566 elleca.
307 3535 334 3570 ‚qr
493 3541 497 3548 ·
665 3531 669 3542 “
1121 3538 1123 3541 ·

80 3582 212 3671 ¹Plinius
231 3585 481 3664 Secundae-lc),
503 3589 595 3669 patria
616 3592 886 3653 Veron.·llistoriae
904 3591 1109 3672 Nat.Scriptor
1130 3590 1221 3648 notis-

66 3681 166 3725 simus.
187 3669 244 3726 vir
265 3665 324 3728 fait
344 3671 589 3750 pertinacissimi,
611 3691 668 3730 neo
692 3693 819 3753 unquam
846 3675 1006 3733 intermissi
1026 3672 1160 3732 litterarii
1179 3670 1218 3732 la·

64 3740 158 3803 boris.
178 3749 295 3829 Semper
314 3749 480 3819 enim-rel
501 3749 610 3834 legebat
627 3797 633 3820 ‚
648 3753 696 3811 vel
716 3753 861 3836 legentem
880 3755 1031 3826 audiebat.
1045 3756 1216 3832 Lectionem

65 3841 157 3914 autern
179 3849 245 3888 cum
268 3832 426 3912 scriptione
446 3833 497 3896 ita·
508 3831 664 3914 jungebat,
687 3855 719 3894 ut
740 3854 775 3892 ea
796 3833 862 3904 his,
875 3856 948 3916 quae
966 3838 1000 3900 in
1011 3834 1217 3910 bibliothecis,

62 3921 96 3960 sn
114 3905 236 3980 lectica,
250 3912 283 3970 in
304 3931 414 3977 mensa.
433 3913 631 3982 ambulando,
654 3917 839 3996 equitando«,
861 3917 907 3978 uel
921 3919 1057 4002 legaret,
1076 3919 1122 3978 rel
1142 3916 1222 3996 audi·

66 3993 577 4079 retsnrperrauqtisresetrpenn
597 4011 631 4066 sl
649 3999 698 4068 ull
715 4001 777 4092 ἱρῆς
793 3999 1023 4094 ’κεᾲδεςει,,,κ1
1040 4003 1134 4085 alteri,
1154 3997 1223 4071 scai-
