3317 4817
633 356 690 423 tt!
1163 380 1185 425 a

80 438 291 529 oei-magistri
306 437 354 505 sui
372 444 506 507 §inmas
514 438 648 506 consiliis
669 427 783 522 paruit.
803 439 884 513 Vide
896 440 966 503 Seu.
981 439 1015 501 in
1035 440 1119 513 libris
1136 441 1172 503 de
1185 380 1248 523 ise

83 526 213 583 mentia.
235 525 338 583 Postea
358 524 523 583 innumeris
543 524 628 584 titiis
647 541 677 581 se
696 524 934 590 contaminavit,
957 524 1027 581 luxu
1059 526 1247 603 praesertim,

82 602 294 683 impudicitia.
307 621 338 663 ct
356 604 545 665 crudelitate.
570 603 649 663 Vide
658 604 736 663 Suet.
750 605 785 663 io
795 609 860 681 ejus
878 602 943 662 Vita
956 648 962 663 .
977 604 1056 663 Plin.
1072 622 1175 673 narrat,
1187 622 1250 663 uno·

83 682 278 745 die‘tautrtm
297 688 421 757 cassiae,
441 685 623 765 aliorumque
648 701 830 749 aromatum,
850 701 880 743 et
908 682 1032 743 odorum
1059 682 1248 748 combussisse

86 782 235 843 quantum
257 766 365 826 Arabia
383 763 454 825 felix
472 784 576 825 annuo
594 761 676 824 foetu
695 765 764 825 dare
784 782 846 824 non
868 782 1003 844 pote-at.
1024 770 1090 827 800.
1112 783 1248 825 nummo·

81 862 156 905 tam
174 845 271 905 millia
290 845 424 925 Tyridati
442 845 548 907 diurna
567 845 719 905 adricturn
734 890 741 913 ,
755 863 786 905 et
806 864 945 925 expensas
965 844 1142 927 assignavit.
1231 840 1235 847 ’

127 926 245 989 Nessa.
255 928 430 1005 Imperator,
449 927 495 985 tir
513 927 636 995 doctus,
658 926 856 1006 Apollonium
876 925 1089 1007 Pythagoreum
1111 922 1187 985 Phil.
1211 922 1253 987 fa.

75 1006 243 1072 ,tuiliaacnr¹
258 1004 380 1076 lrabuit,
402 1024 433 1073 et
453 1006 546 1067 veluti
567 1007 919 1090 magistrumundicbat.
947 1005 1086 1085 Optimas
1108 1005 1181 1087 leges
1202 1022 1244 1081 tu·

86 1084 148 1145 lit.
170 1088 251 1147 Inter
270 1086 343 1147 alias
370 1086 519 1156 sancivit,
539 1107 576 1147 ne
597 1108 690 1147 mares
707 1105 916 1155 casuarcnrur,
938 1085 1017 1167 quod
1046 1086 1250 1147 etiam-decre·

84 1184 169 1227 vetat
188 1168 404 1237 Domitianus,
427 1171 567 1249 jussitque
594 1168 835 1251 Magistratibus‚
859 1187 897 1226 ne
915 1187 1002 1247 quem
1036 1168 1251 1235 insectarentur

85 1266 207 1328 propter
228 1247 319 1307 solam
340 1249 529 1331 religionem.
553 1251 713 1329 lmpetatit
733 1268 780 1308 an.
802 1268 896 1309 unum
909 1294 917 1315 ,
929 1265 959 1309 et
979 1266 1093 1310 menses
1113 1248 1245 1327 aliquot.

87 1327 180 1388 Obiit
199 1347 246 1387 an.
267 1326 379 1389 Christi
401 1338 467 1401 98„
486 1332 589 1389 aetatis
609 1347 647 1389 an
669 1337 717 1388 68.
745 1332 791 1389 Ita
811 1332 965 1389 Petavius.

126 1409 227 1468 Nerva
246 1410 446 1486 (Cocceius),
465 1410 692 1471 smisconsulrm
712 1410 917 1479 doctissimus,
931 1412 1043 1470 Nervae
1062 1408 1249 1493 imperatoris

83 1502 186 1549 avus.
206 1491 326 1551 Tacitus
346 1491 395 1548 lib.
414 1500 442 1549 ι.
463 1490 551 1552 Ans..
570 1492 608 1549 de
627 1511 662 1549 eo
683 1492 800 1559 tradit,
823 1488 910 1551 fuisse
931 1496 1030 1549 omnis
1051 1490 1192 1558 humani,
1215 1508 1246 1550 et

87 1569 192 1629 divini
212 1572 290 1631 Juris
310 1571 546 1650 penitissimum.
567 1572 637 1631 Fuit
656 1572 783 1631 intimus
803 1571 918 1631 Tiberii
939 1574 1065 1633 amicus:
1087 1571 1246 1631 consilium

87 1669 193 1711 autem
215 1650 361 1711 moriendi
380 1654 562 1732 cepisse.3it
581 1654 665 1718 Tac,
678 1670 707 1710 et
727 1652 908 1711 abstinentia
929 1669 1021 1731 rutam
1043 1648 1188 1720 finivisse,
1214 1651 1248 1717 li.

91 1748 141 1791 cet
155 1733 333 1791 consutum
344 1733 376 1789 ei
386 1733 515 1793 suaderet
525 1730 679 1791 Tiberius.
699 1732 780 1790 Mori
791 1751 890 1791 autem
903 1728 1029 1789 uoluisse
1048 1730 1173 1795 creditur
1195 1750 1250 1793 tae·

90 1810 147 1870 dio
165 1810 367 1881 crudelitatis,
386 1830 417 1871 et
436 1832 532 1871 rerum
551 1808 683 1879 Tiberii,
695 1830 767 1890 quas
785 1812 885 1869 videre
904 1828 997 1869 morte
1020 1815 1100 1889 peius
1119 1812 1250 1871 aestima·

87 1890 149 1960 bat,
163 1911 260 1951 secum
281 1891 505 1972 reputans,fieri
516 1911 579 1950 non
593 1910 684 1971 posse,
695 1892 850 1951 Tiberium
873 1892 999 1950 monitis
1010 1892 1070 1965 suis
1090 1890 1126 1949 ad
1138 1890 1245 1949 bonam

86 1990 222 2031 mentem
242 1972 471 2053 traduci,quod,
486 1989 520 2031 ut
539 1974 671 2050 optimus
691 1974 810 2039 amicus,
826 1973 862 2031 in
882 1974 986 2051 primis
1005 1970 1143 2051 optabat.
1160 1970 1248 2029 Obiit

85 2071 136 2111 an.
151 2052 263 2112 Christi
289 2074 332 2129 μ
354 2055 400 2112 De
420 2072 456 2111 oo
477 2053 619 2111 meminit
638 2048 852 2127 Hor.Satyr.l.
869 2051 968 2109 r.Sat.
983 2071 1021 2119 s..
1035 2048 1157 2109 missum
1179 2046 1247 2113 fuis·

84 2151 117 2192 se
136 2154 152 2191 a
172 2136 278 2192 Senatu
298 2133 497 2194 Brundusium
516 2133 556 2193 ad
573 2134 617 2193 M.
639 2134 831 2213 Antonium,
851 2134 910 2213 qui
926 2150 990 2191 cam
1011 2130 1111 2195 urbem
1131 2130 1246 2191 obside·

86 2211 139 2272 bat
159 2215 311 2276 an.·V.(.'e
334 2234 425 2290 715..
902 2259 905 2262 -
1153 2228 1155 2235 ’

132 2294 263 2369 Nerva(
283 2296 327 2353 Μ.
345 2294 530 2371 Cocceius),
550 2294 756 2356 Juriscomusti
783 2292 882 2365 filius,
904 2294 956 2376 qui
987 2314 1032 2365 17.
1046 2294 1150 2355 aetatis
1171 2312 1249 2353 antro

85 2373 205 2455 publice
225 2373 264 2433 de
281 2376 349 2433 iure
372 2376 525 2435 consultus
551 2376 764 2455 respondebat.
794 2376 914 2456 Scripsit
935 2375 1019 2433 libros
1039 2375 1072 2433 de
1097 2372 1252 2449 Urucapt'o·

90 2455 173 2511 nibus
185 2498 199 2524 ,
214 2474 338 2534 quinum
359 2457 557 2515 ntemineront
578 2456 742 2535 Ulpianus,
760 2473 790 2516 et
810 2456 926 2516 Paullus
945 2459 978 2514 in
1000 2454 1146 2532 Digestis.

133 2535 300 2603 Nestorius,
322 2536 553 2617 Constantinop.
565 2538 688 2605 Praesul,
709 2535 911 2605 haeresiarcha,
932 2557 949 2597 a
969 2538 1057 2595 Cone.
1072 2533 1174 2615 Ephes.
1197 2536 1255 2595 Ge·

90 2615 185 2675 unali
196 2616 366 2675 damnatus.
377 2618 467 2677 Virus
487 2638 569 2677 suum
592 2618 707 2699 scriptis
726 2637 858 2701 spargere
867 2618 965 2697 coepit
983 2613 1256 2685 conctaChristutn,

85 2712 117 2755 et
131 2696 289 2775 Deiparam
300 2694 397 2775 paullo
450 2715 476 2756 st
487 2698 616 2757 Honorii
626 2718 788 2765 excessum,
799 2715 843 2768 ut,
852 2716 917 2758 non
927 2696 1020 2757 multo
1027 2714 1104 2776 post,
1114 2692 1255 2756 Eutithcs

90 2793 202 2841 stum.
220 2795 251 2837 et
270 2777 375 2838 iccirco
416 2798 431 2837 c
452 2777 513 2837 illis
532 2798 614 2861 agere
633 2778 825 2859 supersedeo.
847 2834 851 2839 .

83 2994 92 3001 .
128 2938 286 3018 tremum(
306 2938 451 3012 Saenius,
471 2940 517 3001 vel
535 2900 697 3001 securidum
719 2939 905 3002 Macroblunr
916 2938 958 3001 ¹in
975 2936 1087 3001 Satara.
1100 2936 1249 3015 Saenius)

84 3038 195 3102 practer
215 3021 452 3099 Commentarios,
469 3024 520 3103 qui
540 3022 677 3081 Suetonii
694 3040 792 3084 aetate
811 3027 870 3096 pm
889 3022 1047 3101 perierant.
1061 3020 1176 3101 scripsit
1195 3017 1248 3077 Sia·

83 3117 195 3177 tyram,
214 3103 251 3162 ex'
269 3123 328 3183 qna
346 3104 435 3163 Macr.
449 3102 469 3160 l.
486 3126 531 3173 3·.,
553 3121 581 3162 et
604 3101 754 3161 odarum
769 3104 884 3182 aliquot
905 3098 1005 3164 versus
1020 3094 1117 3159 affert.
1140 3098 1243 3159 Diver-

81 3201 151 3243 sum
169 3180 250 3243 bune
269 3202 341 3265 puto
359 3204 379 3242 a
396 3184 546 3244 Nicanore
563 3184 804 3265 Aleasudt.,<pri
823 3184 860 3243 de
875 3179 1121 3263 pu'nctir,quibus
1134 3182 1169 3239 in
1181 3178 1250 3241 strio

83 3280 172 3344 ptura
191 3266 324 3332 utimur,
345 3265 477 3344 scripsit.

122 3342 253 3401 Narem
272 3343 420 3418 synodus,
432 3343 485 3405 sub
504 3346 531 3403 S.
544 3344 745 3427 Sylvestto,et
765 3342 966 3409 Constantino
979 3342 1022 3403 M.
1031 3342 1178 3408 celebrata,
1194 3362 1241 3413 70.

83 3440 216 3486 canones
232 3425 330 3485 edidit
350 3443 423 3485 teste
442 3427 468 3485 St
484 3423 597 3485 tithan.
620 3426 657 3483 iu
676 3425 767 3500 Epist.
779 3426 818 3486 ad
837 3425 968 3485 Marcum
991 3426 1026 3483 Rl.
1042 3426 1128 3483 Pont
1150 3424 1245 3481 Gano-

81 3523 148 3567 nes
160 3525 205 3580 30.
223 3502 340 3574 fuerim
350 3506 460 3565 Graece
479 3505 557 3565 editi
567 3529 579 3563 ι.
600 3526 643 3582 to.
657 3507 777 3565 Latine.
798 3509 825 3564 8.
839 3500 948 3579 Arban,
964 3522 1026 3563 orat
1046 3502 1193 3568 Marcum,
1209 3516 1243 3562 ut

83 3584 235 3648 roudus
250 3588 426 3646 auctoritate
443 3586 596 3646 liouranae
612 3576 692 3648 sedis
707 3587 822 3646 roboret
836 3632 846 3645 .
856 3580 1025 3646 Vide'Disr.
1038 3580 1245 3641 ruffiniani.

122 3663 239 3725 illiceret
249 3666 405 3735 ‚Sacerdos
414 3685 446 3726 et
454 3664 591 3747 Sophiste
603 3649 731 3735 celebris,
745 3667 778 3727 C.
788 3667 865 3726 Plin.
876 3664 980 3725 C'aetil.
995 3664 1148 3745 magistet.
1159 3661 1247 3743 liuns

80 3745 176 3807 inbre
193 3767 265 3827 pasto
284 3746 410 3806 Nicetem
423 3749 642 3820 ,Smyrnaeum
662 3766 753 3827 quern
780 3746 932 3807 Adrianus·
956 3744 1075 3803 Musaeo
1097 3743 1248 3827 Aegyptio

78 3828 254 3979 ἴςάιῗρζίε.
264 3829 452 3911 antiquatis
463 3830 594 3899 metu,
606 3828 810 3892 deelamatoris-
824 3827 967 3913 insignis,
984 3826 1127 3913 tpemlmt
1143 3826 1252 3903 senece
1294 3834 1330 3921 ..-

121 3988 215 4053 ram
232 3988 386 4071 (cusu
404 3990 445 4071 ),,,
460 3991 507 4094 ys
525 3990 649 4053 usn.
668 3960 972 4078 ostensurum
991 3958 1107 4077 esum
1127 4008 1162 4051 ει
1183 3986 1248 4049 eser
