3317 4817
94 413 270 479 evadebant.
289 412 413 475 Volebat
434 430 538 493 nempe
558 411 659 472 Attice
678 414 787 477 dicerer
809 428 839 472 at
858 411 893 471 in
914 412 1008 473 modo
1025 350 1254 483 errabat,e²t⁷er·
1267 421 1285 430 “

94 517 156 559 rare
177 498 248 556 alios
269 493 499 571 faciebar.Quid
512 510 608 551 autem
623 494 662 551 sit
675 493 774 551 Attice
795 494 889 553 dicere
909 494 1033 573 exponit
1054 495 1156 555 Cic.in
1180 494 1253 550 Ora-

95 592 171 636 tore.
192 578 221 635 Si
242 576 294 635 diu
315 576 435 635 vixisset
457 573 563 630 calvus
583 571 683 648 (obiit
705 592 828 653 namque
856 595 899 647 30.
921 576 1026 633 aetatis
1045 594 1123 632 anno
1144 574 1155 649 )
1177 572 1247 632 haec

94 657 175 715 vitia
193 652 314 715 forsitan
346 652 542 714 emendasset:
565 653 698 731 nec'ipst
725 654 828 711 omnia
861 654 894 709 in
916 655 1057 711 Cicerone
1092 647 1254 733 probabat,

94 754 184 815 quem
206 735 332 795 solutum
345 775 353 798 ,
365 750 395 793 et
414 750 549 792 enervem
570 731 718 811 reputabat
732 776 741 801 ,
755 742 829 791 teste
842 734 968 791 Auctore
989 734 1073 790 Diei.
1089 736 1122 791 de
1144 732 1253 797 Orata,

92 832 126 873 et
147 830 223 875 teste
242 814 477 892 Quintinae.
492 833 517 869 r.
533 817 595 888 ejus
614 812 861 892 compositionem
882 812 959 892 apud
979 814 1076 892 ipsum
1098 810 1249 892 reprehen-

96 893 204 954 debat.
226 895 293 953 Erat
315 894 410 953 brevis
435 906 563 955 statiua.
583 893 622 949 ob
641 892 720 971 quod
740 892 873 953 Catullus
900 896 961 969 ejus
982 894 1093 953 anneus
1113 913 1179 951 eum
1202 910 1254 950 vo·

93 992 141 1033 cat
162 972 341 1047 Salapasiurn
362 973 512 1031 disertum.
543 972 612 1032 Non
633 972 737 1031 Orator
760 971 865 1038 modo,
886 971 985 1031 sedet
1006 973 1136 1055 egregius
1157 972 1250 1031 Poeta

91 1049 173 1113 fuit.
196 1050 311 1111 Gellius
329 1056 392 1124 eius
411 1052 595 1111 Poeticorum
616 1070 735 1131 operum
758 1051 897 1111 meminit
909 1052 928 1109 l.
939 1071 964 1118 o.
979 1071 1003 1109 c.
1018 1071 1073 1119 12,
1100 1052 1187 1112 erlib,
1202 1070 1250 1121 sp,

92 1151 118 1191 c.
143 1153 171 1199 e.
192 1132 267 1189 NN:
288 1133 431 1191 Meminit
449 1132 539 1191 etiam
559 1151 627 1190 cum
648 1130 731 1193 laude
751 1132 904 1190 Horatius.
929 1132 1049 1211 Scripsit
1072 1130 1197 1199 carrus,
1210 1147 1249 1189 te·

93 1230 141 1271 etc
155 1214 240 1271 boet:
257 1211 514 1271 incasaetos
531 1210 616 1273 Vtra,
638 1211 774 1270 Carmina
793 1212 890 1290 Satyr„
903 1211 936 1268 in
959 1212 992 1271 C.
1009 1210 1065 1270 Jul.
1081 1212 1248 1269 Caesarem.

90 1294 122 1350 ls
144 1293 247 1358 sciens,
268 1290 538 1351 reconciliationem
559 1309 655 1349 secum
677 1310 725 1371 per
745 1291 856 1350 amicos
865 1310 1012 1370 procurate
1028 1291 1166 1358 Calvum,
1181 1310 1247 1349 tum

90 1390 190 1431 rerum
211 1372 372 1449 potiretur:
393 1372 505 1451 primus
524 1369 552 1427 ei
573 1370 698 1449 scripsit,
718 1371 857 1447 injuriam
878 1370 1059 1433 condonans,
1072 1388 1102 1431 et
1122 1390 1189 1429 cum
1212 1388 1247 1429 eo

88 1451 187 1511 amice
206 1470 292 1532 agens
313 1474 320 1507 z
341 1470 399 1530 quo
419 1446 495 1510 facto
516 1468 596 1509 suam
618 1447 830 1511 humanitatem
854 1451 954 1510 Caesar
982 1451 1141 1518 ostendit,
1164 1466 1193 1508 et
1213 1451 1248 1507 in

89 1529 299 1589 condonandis
317 1532 436 1601 iniuriis
454 1529 745 1610 magnanimitatem,
768 1550 855 1610 quam
876 1532 985 1590 merito
1004 1529 1103 1591 laudat
1124 1529 1188 1591 Cic.
1209 1528 1245 1587 in

89 1610 176 1666 Orat.
198 1628 249 1688 pro
270 1611 315 1667 m
334 1609 485 1669 Marcello.
507 1612 610 1669 Seneca
631 1610 666 1667 in
688 1609 894 1678 contremit,
917 1611 1001 1671 Calvi
1021 1611 1149 1670 carmina
1170 1613 1248 1688 joco·

36 1732 42 1745 .
87 1708 118 1745 so
143 1708 227 1745 esse:
249 1689 375 1748 Ovidius
396 1707 490 1748 autem
513 1708 544 1746 ca
565 1706 649 1747 vocat
669 1688 772 1748 lasciva
793 1731 800 1745 .
822 1690 868 1747 lta
887 1690 934 1747 lib.
957 1710 984 1749 a.
1010 1690 1096 1747 Trisr.
1117 1692 1163 1747 De
1183 1693 1246 1766 ejus

89 1768 267 1842 Epigramm.
289 1768 415 1847 loquitur
436 1770 513 1827 Plio.
527 1769 608 1827 Catc.
630 1768 679 1825 lib.
702 1790 728 1831 s.
741 1768 831 1841 Epist.
850 1785 879 1825 tt
902 1769 968 1828 Gel.
989 1772 1010 1831 l.
1031 1791 1078 1825 rr.
1092 1768 1161 1825 NN.
1182 1787 1205 1826 c.
1219 1788 1247 1837 9.

88 1848 244 1905 Pedianus
283 1849 425 1907 meminit
450 1848 589 1929 elegantis
619 1847 703 1906 Calvi
729 1847 966 1925 chdecasyllsbi
1001 1849 1035 1907 in
1062 1848 1244 1919 Curionem,

87 1944 140 1983 seu
155 1926 288 1993 Curium,
309 1946 415 1986 notum
435 1927 606 1986 aleatorem.
629 1924 706 1985 Illud
727 1926 871 2008 singulare
891 1928 924 1983 in
944 1931 1066 2005 jocoso,
1086 1943 1115 1985 et
1136 1926 1245 1985 lascivo

87 2004 183 2063 Poeta
204 2003 350 2073 Etbnico,
364 2006 443 2085 quod
464 2026 556 2065 narrat
577 2006 654 2065 Plin.
677 2006 724 2064 lib.
739 2014 765 2065 6.
786 2006 878 2079 Epist.
899 2026 966 2066 eum
989 2026 1096 2087 nempe
1116 2005 1246 2085 plumba·

84 2102 134 2141 arn
158 2082 298 2143 laminam
319 2085 435 2145 renibus
456 2086 604 2145 admotam
624 2102 747 2167 gestasse
757 2084 794 2157 ad
809 2104 926 2144 venerea
947 2088 1146 2145 incitamenta
1165 2105 1242 2145 com·

84 2163 263 2300 primenda.
282 2166 402 2223 Jixtant
430 2166 592 2233 nonnulla,
614 2165 666 2225 sed
686 2185 773 2245 pauca
793 2165 952 2225 admodum
976 2167 1064 2226 Calai
1083 2167 1238 2227 Carmina.

112 2262 130 2299 x
154 2242 246 2300 dictis
264 2242 299 2301 de
321 2244 410 2302 Calvo
430 2244 594 2327 intelligere
612 2262 675 2313 est,
695 2266 778 2314 eum,
790 2247 815 2303 si
837 2244 889 2305 diu
911 2246 1051 2310 vixisset,
1072 2246 1152 2304 inter
1174 2246 1244 2305 cele·

84 2319 201 2381 briores
219 2321 365 2383 litteratos
383 2326 469 2389 Rom.
489 2326 662 2385 recensitum
684 2326 742 2383 iri.
764 2325 857 2403 Quod
876 2325 957 2385 enim
987 2343 1049 2385 raro
1071 2326 1241 2409 contingit,

83 2400 117 2457 in
144 2421 245 2479 parum
266 2420 482 2464 maturaaetatt
501 2410 560 2483 jam
579 2405 668 2464 clarus
689 2406 800 2473 Poeta,
823 2425 854 2464 et
874 2408 980 2465 Orator
1000 2403 1178 2466 habebatur.
1203 2407 1240 2465 ln

81 2481 172 2539 Poesi
193 2500 258 2539 cum
273 2483 475 2564 Catullo,qui
496 2504 562 2543 eum
585 2484 648 2563 plus
668 2484 762 2543 oculis
780 2484 840 2543 suis
859 2486 983 2555 amabat,
1000 2487 1097 2545 'amice
1120 2502 1240 2545 conten·
1324 2551 1326 2555 ,

81 2558 194 2629 debat.
214 2578 248 2619 ur
266 2580 380 2621 constat
409 2584 443 2621 ex
465 2563 573 2622 Catulli
600 2562 854 2641 Hendecasyllabis
873 2564 910 2623 ad
930 2586 1020 2633 eum,
1042 2582 1128 2624 etex
1149 2568 1243 2625 Hora·

80 2640 150 2702 tio.
171 2640 224 2718 qui
245 2660 312 2699 eum
332 2662 401 2701 cum
421 2642 537 2702 Catullo
557 2644 734 2723 componit.
752 2643 789 2701 ln
809 2644 945 2703 Oratoria
964 2661 1026 2704 erat
1045 2646 1189 2724 expetitus
1202 2646 1236 2703 in

79 2713 148 2777 foro
160 2760 170 2785 ,
182 2736 217 2777 ut
237 2721 389 2787 Patronus,
407 2723 498 2781 etiam
517 2741 617 2783 contra
638 2724 830 2783 Ciceronem:
850 2740 879 2781 et
899 2742 1002 2793 erant,
1017 2740 1091 2783 teste
1103 2724 1237 2801 Quintil.

79 2795 103 2854 I.
130 2818 178 2857 ιο.
206 2818 230 2856 c.
257 2820 300 2869 r.,
321 2803 372 2880 qui
392 2822 459 2861 euro
480 2798 619 2862 omnibus
639 2801 810 2862 Oratoribus
830 2800 1018 2881 praeferrent.
1040 2804 1238 2879 Quamobrem

77 2877 185 2936 mirari
206 2876 304 2949 subit,
358 2882 518 2941 odAuctor
539 2883 623 2946 Dial.
635 2883 669 2939 de
681 2882 846 2939 Oratoribus
866 2880 998 2953 affirmet,
1017 2902 1085 2942 eum
1107 2901 1172 2951 una,
1184 2900 1235 2941 aut

77 2956 170 3016 altera
191 2973 306 3018 tantum
347 2963 452 3021 ratione
463 2958 633 3021 satimecisse
645 3005 652 3019 .
666 2963 768 3022 Cicero
789 2963 928 3021 meminit
948 2967 1008 3041 ejus
1021 2963 1236 3041 Hipponactaei

75 3037 250 3114 praeconii.
271 3058 321 3099 sco
341 3048 404 3119 ejus
422 3041 569 3103 Carminis
588 3041 820 3110 mordacissimi,
847 3042 1014 3118 cujusmodi
1032 3043 1066 3100 in
1087 3054 1152 3101 suos
1174 3043 1232 3102 ini·

75 3115 177 3175 inicos
196 3119 355 3199 Hipponax
378 3124 466 3181 Poeta
487 3123 612 3181 Graecus
630 3120 778 3179 urebatur..
802 3122 879 3180 Vide
899 3124 960 3182 Cic.
978 3124 1011 3181 in
1024 3122 1114 3196 Epist.
1128 3123 1164 3181 ad
1180 3125 1232 3182 Fa·

74 3192 162 3253 bium
186 3197 305 3257 Gallum
326 3200 373 3259 lib.
387 3222 414 3272 7.
435 3200 538 3257 Famil.
560 3200 640 3259 Dec
657 3200 698 3258 lvi
716 3202 900 3283 ingenio,et
919 3202 1022 3261 multis
1041 3202 1146 3261 litteris
1166 3205 1228 3287 agit

73 3274 173 3347 Epist.
196 3277 249 3334 alt.
270 3280 290 3335 l.
306 3300 355 3339 ss.
373 3280 411 3339 ad
428 3280 608 3349 Trebatium,
630 3280 689 3339 nisi
710 3282 734 3337 si
755 3281 791 3338 de
811 3281 870 3339 alio
891 3280 982 3339 Calvo
1001 3281 1149 3361 loquatur.

118 3355 406 3428 Camerir'rrts,Poeta‚
418 3361 533 3437 scripsit
553 3360 761 3439 Poema,quotl
781 3377 824 3419 est
844 3378 960 3419 exorsus
978 3360 1018 3419 ab
1034 3362 1158 3419 Hectore
1173 3379 1232 3422 tra·

70 3450 144 3501 eto,
160 3435 197 3491 in
217 3456 276 3515 qno
294 3440 438 3499 Homerus
450 3439 543 3496 Iliada
563 3437 662 3497 finivit
674 3462 680 3497 ε
694 3439 774 3519 quod
792 3440 889 3497 Macer
908 3440 998 3499 ctiam
1018 3436 1096 3509 fecit,
1119 3442 1225 3502 Potina

71 3533 162 3586 suum
178 3514 273 3573 Iliada
283 3519 423 3578 scribens.
434 3519 568 3578 Camerim
579 3519 645 3599 OO.
653 3518 743 3579 desid.
758 3520 804 3578 De
817 3538 851 3578 eo
862 3520 1003 3579 meminit
1011 3520 1101 3579 ovid.
1114 3521 1229 3594 Episto-

70 3592 102 3649 la
128 3600 176 3651 16.
190 3596 238 3653 lis.
251 3620 282 3667 4.
291 3600 327 3654 de
344 3595 447 3658 Ponto.
493 3626 497 3637 ⁴

114 3672 258 3731 Camillus
278 3676 289 3751 (
311 3679 354 3736 M.
367 3680 471 3738 Furius
491 3678 525 3753 l,
545 3680 669 3748 Orator,
691 3696 720 3739 tt
740 3679 875 3738 Dictator
894 3680 1103 3757 creatus.Ejus
1115 3679 1226 3739 Orario·

70 3753 114 3810 tris
138 3752 180 3811 de
196 3754 366 3815 Tribunitia
386 3777 529 3837 potestate
549 3760 688 3819 meminit
708 3759 814 3819 livius
831 3760 879 3816 lib.
903 3768 931 3819 6.
946 3758 1024 3816 Hisr.
1069 3821 1072 3824 ,

114 3834 246 3897 Canidia,
266 3834 400 3897 Venefica
411 3839 725 3922 insignis,inMagicis
745 3838 855 3899 artibus
874 3839 1118 3903 versatissimmd
1138 3860 1224 3921 quarn

65 3928 144 3975 tunt
165 3915 287 3977 Horatii
304 3916 385 3978 Odae
404 3918 440 3979 iu
458 3920 507 3979 tir.
521 3920 657 3997 Eparian.
676 3919 746 4000 Ejus
764 3919 866 3991 libros,
886 3938 918 3979 et
935 3919 1092 4001 peritiam,
1112 3943 1144 3982 ac
1164 3929 1228 4002 ejus
1286 3978 1289 3983 .
