3317 4817
602 336 674 401 '01¹'
1144 340 1185 413 ‘at‘

78 413 181 484 uolua
199 418 234 484 iu
253 415 472 505 callssogau
485 458 494 484 ‚
507 431 536 481 et
556 418 705 480 Rutilium
727 414 841 480 Rufum
861 414 989 479 exsulem
1010 420 1161 499 Smyrnam
1174 438 1229 484 eoa

79 507 192 565 miratus
211 521 269 576 est,
291 504 343 565 ubi
361 501 536 568 consenuit,
556 517 586 561 et
605 501 704 562 obiit.
726 501 845 562 Citstur
865 501 988 571 alesta
1002 502 1043 559 in
1064 521 1135 603 vose
1155 500 1223 559 Ma-

83 587 202 645 lucrum.
1049 634 1069 648 ,,
1100 620 1103 629 ι
1246 625 1255 640 2

117 666 278 741 Oppianus,
292 668 441 736 Grumm.,
462 682 492 725 et
512 651 601 725 Poeta
615 666 741 745 Epicur,
755 662 882 723 natione
897 660 980 723 Cilix
1003 682 1038 720 ex
1060 661 1128 725 urbe
1148 663 1225 727 Gau·

80 745 153 805 rico.
174 747 278 806 Edidit
309 746 445 807 Pounnata
476 747 510 805 tie
536 745 686 804 Venatioue
706 744 789 805 libri·
820 765 860 815 4:
881 744 914 800 tle
935 743 1054 801 Piscatu
1083 743 1168 801 libris
1193 764 1228 816 5:

63 826 249 902 ¹aleriucupio
270 819 353 888 libris
377 845 433 887 tt:
452 845 532 907 quae,
554 844 620 886 cum
636 828 770 905 Imperat.
791 824 950 883 ¹Antonino
964 822 1230 890 Caracallae,Seve·

80 906 103 964 ti
132 909 316 988 Imperatoris
336 908 407 979 filio,
420 908 560 991 legisset,
582 919 628 965 tot
648 906 779 977 numinis
798 906 925 965 donatus
942 900 1021 970 init,
1042 921 1115 981 quot
1135 921 1231 963 versus
1320 911 1323 913 ’

85 987 116 1044 in
135 988 321 1049 Poematibus
341 990 402 1050 illis
429 1005 529 1049 erant:
553 1010 591 1047 20
612 1006 719 1067 nempe
732 986 956 1047 ,numismatum
988 980 1140 1041 millibus:
1159 1002 1231 1063 quae

82 1070 253 1129 numismata
282 1087 399 1131 stateres
427 1069 550 1129 aSuida
570 1088 585 1127 a
607 1066 770 1148 pellantur.
802 1068 895 1125 Stator
914 1080 1010 1123 autem
1029 1084 1059 1133 4.
1081 1060 1230 1135 machmas

83 1148 204 1208 ualebat.
226 1150 304 1209 Vide
324 1152 444 1211 Suidam
464 1148 552 1208 uerbo
600 1149 753 1236 ppiapus..
794 1190 798 1199 .
1091 1213 1093 1216 .
1164 1190 1165 1193 ,

116 1230 221 1304 Oppias
233 1229 300 1307 (C)
313 1277 321 1301 ,
333 1234 367 1291 C.
381 1234 397 1289 J
401 1276 407 1289 .
420 1229 549 1296 Caesaris
569 1230 696 1291 intimus
715 1228 846 1298 amicus,
862 1225 913 1309 qui
926 1226 987 1305 ejus
998 1243 1042 1284 res
1053 1244 1120 1285 cum
1134 1226 1224 1285 Corn.
1317 1270 1325 1277 .

77 1308 160 1367 Balbo
180 1312 293 1370 Rornae
324 1312 512 1393 procurabat,
534 1329 602 1369 cum
622 1307 724 1367 absens
751 1325 838 1373 erat.
870 1308 989 1387 Scripsit
1018 1306 1145 1375 librum,
1167 1325 1226 1385 quo

76 1389 224 1467 probabat,
246 1394 471 1452 Caesarianum,
493 1390 662 1458 Cleopatrae
682 1387 811 1471 Aegypti
829 1389 945 1470 reginae
965 1384 1075 1454 filium,
1098 1387 1227 1445 Caesaris

79 1470 205 1537 prolem,
232 1488 265 1521 ut
285 1479 348 1540 apsa
370 1458 571 1539 praedicabat,
593 1478 656 1517 nou
675 1481 751 1521 esse.
773 1471 829 1523 -Im
849 1472 925 1527 Suet.
946 1468 980 1521 in
999 1468 1035 1522 C.
1057 1466 1084 1521 J.
1108 1466 1226 1525 Caesare

78 1557 98 1596 t.
111 1558 155 1601 ιι,
169 1538 252 1599 ldern
264 1543 340 1599 Suet.
353 1544 427 1599 citat
440 1539 560 1615 Oppium
571 1538 608 1597 de
618 1541 746 1601 Caesaris
766 1542 802 1609 iu
813 1543 894 1602 'victu
914 1537 1104 1603 indifetentia
1119 1584 1127 1609 ‚
1138 1565 1225 1625 quam

78 1636 176 1689 narrat,
198 1639 263 1679 non
284 1620 416 1679 indicato
438 1620 521 1695 Oppii
541 1621 657 1699 Opere.
677 1621 813 1681 Forsitan
833 1642 869 1681 ex
889 1622 981 1681 citato
1001 1620 1077 1681 libro
1097 1666 1104 1681 .
1126 1625 1230 1685 Potuit

76 1698 143 1758 item
164 1702 255 1761 citare
282 1701 364 1758 Vitas
391 1700 518 1758 Virorum
534 1699 694 1771 illustrium
718 1702 866 1782 Scipionis
879 1698 1012 1761 Africani
1028 1704 1229 1783 antiquioris,

74 1781 179 1850 Cassii,
201 1782 349 1850 C.Marii,
366 1784 470 1861 Pomp.
484 1782 538 1845 M..
553 1798 588 1839 ets
604 1782 744 1849 aliorum,
757 1800 828 1861 quas
839 1782 946 1856 Oppius
957 1782 1053 1841 edidit
1063 1826 1072 1851 ,
1083 1786 1187 1843 citatas
1205 1804 1222 1843 a

75 1858 223 1930 Charisio,
247 1882 263 1920 a
285 1862 362 1923 Plin.
383 1862 412 1920 iu
432 1860 472 1918 H.
493 1860 545 1929 N,
566 1860 708 1929 aGel.,a
729 1862 823 1930 Plus,
851 1878 880 1920 et
900 1862 982 1920 aliis.
998 1864 1154 1923 Suetonius
1175 1864 1227 1923 sub

74 1941 159 1999 dubio
187 1943 216 2001 ei
236 1940 341 2001 tribuit
363 1942 511 2001 Commeat.
532 1942 565 1998 de
585 1941 658 1999 bello
679 1942 836 2001 Alexandr.
859 1939 971 2019 Afric..
996 1959 1023 1999 tr
1043 1942 1226 2019 Hispaniensi

74 2023 139 2080 Ol.
151 2023 296 2085 Caesaris,
316 2021 368 2082 sub
387 2042 446 2104 quo
467 2021 631 2090 militavit,
648 2038 678 2080 et
697 2022 745 2081 cui
771 2041 832 2081 tam
853 2042 934 2081 carus
954 2039 1013 2082 etat
1027 2062 1036 2087 .
1048 2040 1080 2083 ut
1100 2023 1218 2093 subdio

72 2104 168 2161 Caesar
189 2121 306 2163 noctem
325 2096 502 2185 transegerit
510 2145 518 2169 ,
538 2120 597 2182 quo
616 2120 767 2183 aegrotans
788 2102 897 2179 Oppius
924 2102 959 2161 in
980 2104 1089 2163 itinere
1111 2124 1160 2184 pet
1180 2105 1220 2164 lo·

72 2202 101 2239 ca
119 2182 228 2242 deserta
254 2184 408 2242 commode
433 2183 535 2244 cubare
555 2182 590 2239 in
609 2181 768 2241 diversorio
781 2200 910 2263 possm,
931 2202 997 2243 cum
1026 2184 1104 2243 locus
1124 2180 1213 2265 capa:

73 2262 192 2323 duorum
215 2274 277 2321 tlon
296 2279 389 2323 esset.
410 2266 456 2322 lta
475 2266 552 2321 Suet.
572 2263 607 2320 iu
628 2262 745 2344 Caesare
765 2282 788 2321 c.
812 2283 859 2325 ιι.

112 2343 282 2417 optatianus
302 2341 535 2419 (Suetonius),
553 2344 630 2404 Hist.
652 2343 681 2406 fl.
701 2342 754 2405 sub
774 2345 880 2405 Tacito
901 2346 996 2424 Imp,
1018 2344 1100 2423 cujus
1127 2344 1224 2403 Vitam

73 2422 203 2503 scripsit.
226 2427 270 2483 lta
291 2426 450 2505 Vopiscus.
485 2481 489 2494 ,
1005 2494 1014 2505 .
1208 2484 1211 2495 ,
1242 2494 1243 2501 p

113 2504 260 2581 Optatus(
274 2506 364 2564 Fidus
378 2505 404 2580 l,
419 2508 581 2565 Grammat.
595 2504 652 2570 ‚de
671 2523 730 2588 quo
740 2506 856 2567 Gellius
866 2507 889 2565 l.
901 2524 928 2567 a.
940 2526 962 2564 c.
980 2526 1005 2575 3..
1019 2521 1123 2578 narrat,
1145 2506 1227 2569 emis·

75 2601 102 2642 se
120 2603 147 2643 2.
168 2585 219 2642 lib.
239 2585 355 2653 Aeacii.
377 2587 499 2669 Virgilii
521 2608 568 2645 20.
589 2588 720 2646 nummis
740 2589 849 2647 aureis.
925 2634 928 2641 .
1062 2636 1064 2640 .

112 2666 138 2723 S.
155 2664 280 2739 Optatus
292 2709 301 2735 ,
314 2666 506 2725 Milevitanus
520 2667 634 2726 Praesitl
647 2669 681 2725 in
694 2664 803 2735 Africa,
818 2666 949 2727 laudatus
969 2670 1040 2727 ass.
1052 2667 1184 2737 Hieron,
1198 2682 1229 2727 et

75 2743 147 2827 Aug.
168 2746 291 2825 Scripsit
313 2766 339 2807 r.
352 2746 417 2806 libs.
437 2765 538 2805 contra
559 2749 784 2807 Parmenianum
805 2749 1011 2819 Donatistam.
1032 2749 1099 2806 Alia
1120 2748 1228 2808 edidis·

72 2840 100 2883 se
119 2826 276 2889 contendit
287 2824 472 2889 Trirhemius
484 2872 491 2898 ,
504 2847 576 2908 quae
588 2828 724 2889 intereid.
745 2828 834 2888 Obiit
846 2822 960 2888 eutices
972 2836 1018 2887 an.
1030 2824 1142 2889 Christi
1151 2842 1152 2847 ’
1160 2835 1224 2904 3⁸0·

599 2909 708 2974 .OR¹
776 2968 778 2972 ,
981 2930 983 2937 ’
1111 2910 1112 2914 ’

229 3033 231 3036 -
289 3055 293 3063 ,
469 3048 471 3052 ,
527 2990 711 3050 Corollarium
743 2989 769 3047 1.
1059 3046 1064 3053 .

111 3064 247 3128 Oratores
259 3069 408 3130 innumeri
423 3072 694 3151 praetermittuntur
707 3116 715 3141 ,
727 3090 851 3153 quotum
861 3071 1024 3143 Orationes,
1045 3072 1078 3132 in
1090 3073 1176 3133 Rom.
1185 3071 1227 3133 bi·

73 3146 228 3209 bliothecis
248 3151 322 3209 olim
342 3171 515 3215 asservatae,
527 3158 605 3211 nunc
629 3171 690 3210 non
710 3169 845 3212 exstant.
867 3156 910 3212 Ut
929 3156 1011 3214 enim
1032 3156 1066 3215 in
1087 3154 1172 3213 Dial.
1194 3156 1228 3213 da

70 3228 163 3288 Oratr.
182 3232 311 3313 legitur,
334 3234 468 3294 oratoria
490 3233 568 3290 tanti
589 3234 700 3292 Romae
719 3230 834 3304 fiebat,
851 3246 889 3293 'ut
909 3254 967 3316 quo
987 3236 1110 3318 quisquc
1131 3235 1224 3319 magis

69 3327 99 3367 ea
120 3310 265 3390 pollebat,
286 3331 320 3371 eo
341 3310 455 3371 facilius
482 3309 605 3372 bonores
626 3358 634 3382 ‚
657 3330 685 3373 et
714 3314 902 3397 Magistratus
928 3317 1096 3397 impetraret
1123 3316 1226 3397 populi

72 3388 187 3467 plausu,
211 3408 240 3449 et
260 3391 402 3452 clientum
425 3388 543 3460 iavme,
565 3410 599 3453 ut
618 3393 731 3453 dictum
752 3411 796 3453 est
816 3394 904 3455 verbu
924 3396 1094 3473 Eloquentia
1121 3400 1156 3455 in
1176 3396 1205 3453 Ε
1216 3436 1225 3452 .

67 3471 111 3529 De
132 3474 207 3530 Arte
226 3472 380 3541 Oratoria,
404 3473 470 3532 uide
490 3476 522 3531 L.
535 3475 598 3531 Au:
616 3476 749 3533 Senecam
771 3474 864 3548 Epist.
887 3494 973 3545 tau,
995 3476 1045 3536 ubi
1065 3478 1127 3544 ait,
1149 3478 1216 3535 Ora·
1236 3534 1238 3543 ,

31 3580 35 3587 ·
66 3550 181 3609 tionem
201 3569 308 3612 certam
328 3552 454 3637 reguiam
482 3572 547 3611 non
566 3551 668 3613 babere
686 3599 695 3624 ,
716 3553 767 3613 sed
794 3556 1036 3615 consuetudinem
1053 3558 1219 3625 Civitatis,
1242 3566 1246 3577 '

66 3648 136 3709 quae
157 3650 310 3712 nunquam
331 3633 366 3691 iu
384 3634 488 3693 eodem
509 3648 587 3695 statu
606 3635 659 3693 diu
679 3635 1132 3704 stetit·,eamversate.1bidem
1148 3634 1223 3695 mul*

65 3724 95 3769 ta
114 3711 151 3771 de
170 3714 308 3771 Oratotio
329 3713 404 3792 stylo
425 3714 546 3773 disserit
559 3746 573 3783 ,·
588 3732 622 3774 ut
641 3714 678 3772 de
697 3716 923 3795 compositione
945 3717 1098 3777 Orationis
1129 3716 1221 3791 Epist.

67 3809 121 3847 tat
140 3810 190 3861 ,er
212 3800 279 3850 116.
299 3795 378 3865 Vide
397 3795 488 3855 etiam
509 3793 640 3873 Quintil.
660 3795 708 3852 lib.
723 3817 769 3853 to.
783 3796 936 3855 lustitia
954 3798 1062 3857 caussis
1082 3796 1222 3859 omnibus

64 3870 246 3949 gravioribus
264 3872 426 3953 cumplures
446 3892 529 3935 erant
549 3875 681 3932 Oratores
701 3896 769 3955 pro,
782 3893 812 3935 et
831 3894 932 3935 contra
954 3877 1104 3939 dicentes:
1124 3896 1227 3939 semu·

63 3950 135 4009 latio
147 3955 474 4090 putemHtloquenriam
497 3953 633 4041 augebat,
655 3970 686 4015 et
704 3975 821 4028 cutam,
841 3976 873 4019 ac
892 3958 1025 4025 studium
1048 3959 1220 4117 (pratorum,

176 4050 224 4091 ars
284 4077 292 4092 .
