3317 4817
139 429 271 510 cupito(
288 425 420 493 Lucilius
439 425 592 504 l,Otttor,
613 449 666 510 pro
687 450 716 489 se
736 427 816 490 dixit
835 430 912 513 apud
923 429 1047 504 Iudices,
1068 377 1215 499 secuntir’s
1241 460 1258 516 a

97 511 272 656 p'rgvincpa,
283 511 340 651 pai
361 504 538 651 praefujrat.
559 512 669 572 Verum
689 510 844 572 mutuatus
862 509 921 573 fuit
940 517 975 574 in
993 514 1109 596 judicio
1135 518 1171 578 de
1189 521 1257 602 ipso

157 612 199 650 o·
235 611 266 652 ta
312 611 352 650 ac.
377 635 384 648 .
477 609 522 648 nn.

142 671 244 746 capno
262 672 276 748 (
296 612 437 738 Sinniui,
458 671 521 731 sive
540 671 706 741 sisinnius,
727 671 791 733 sive
810 671 934 734 Asinius
954 671 988 750 ),
1010 692 1078 736 nam
1101 681 1162 757 ejus
1183 699 1259 761 prae·

96 769 210 812 nomen
231 751 309 811 sarie
328 751 463 810 scribitur
474 751 659 825 acapironetn
679 749 757 812 hunc
777 753 1012 822 uitantibus‚vel
1023 754 1056 814 hi
1069 755 1193 818 forsitan
1213 761 1258 819 di·

97 831 302 893 umsoscirant
313 829 443 906 ejusdem
455 832 588 892 nominis
599 850 667 892 cum
679 832 795 892 diverso
815 835 1005 914 praenomine
1017 853 1068 900 ,ut
1088 858 1169 920 saepe
1190 859 1257 900 con·

96 912 212 995 tingit.
225 912 335 972 Verum
346 909 515 971 similitudo
526 913 748 990 praenominum
755 911 885 977 Asinius,
892 912 1021 982 Sisiniur,
1033 914 1147 976 Sinnius
1167 939 1214 979 sus
1235 923 1259 982 i.

95 992 217 1052 cionem
230 987 444 1054 fressenatum
457 1011 475 1050 a
488 990 683 1058 libramime}
696 991 908 1076 atypograpbis
920 994 1079 1054 admissum
1100 997 1134 1055 in
1155 1018 1190 1057 eo
1210 941 1259 1060 ie·

93 1069 275 1132 scribendo.
295 1070 411 1132 Citatur
438 1068 552 1130 Sinnius
573 1069 709 1146 Capitur
729 1073 837 1141 Festo,
858 1072 909 1132 ubi
939 1075 975 1132 de
995 1073 1117 1134 Senibus
1138 1078 1256 1158 Depon-

94 1153 195 1221 tanis,
216 1169 246 1212 et
266 1149 355 1210 alibi.
377 1152 406 1208 Α
425 1149 525 1209 Gellio
543 1148 592 1209 lib.
606 1171 633 1212 s.
645 1170 670 1213 c.
683 1170 711 1210 s.
730 1150 799 1210 ΝΝ.
813 1153 920 1212 citatur
935 1149 1055 1211 Asinius
1078 1153 1176 1230 Capito
1197 1161 1253 1220 Vir

94 1230 385 1310 doctissimut,cujus
396 1229 488 1310 plures
496 1229 643 1304 Epistulae
652 1246 845 1312 suotempore
856 1248 938 1292 erant
951 1233 985 1290 in
995 1231 1138 1294 Biblioth.
1148 1253 1208 1296 tem
1231 1239 1255 1299 li

94 1313 194 1379 Pacis,
207 1331 237 1370 et
255 1310 340 1370 addit
354 1354 363 1379 ,
382 1311 416 1368 in
456 1310 539 1378 tima,
552 1312 656 1390 scripta
658 1311 712 1394 fid
733 1313 893 1372 Pacuvium
905 1312 1080 1378 Labeonem,
1100 1314 1156 1398 legi
1166 1340 1173 1374 ι
1182 1259 1256 1376 Plir-

92 1391 144 1459 sia,
160 1410 222 1450 non
229 1389 321 1449 Plura
331 1389 393 1450 dici
404 1329 524 1448 debere.
540 1391 654 1450 Citatur
667 1392 756 1450 etiam
770 1391 864 1450 aGel.
885 1411 946 1472 cap.
960 1413 998 1451 ao
1012 1391 1131 1452 Asinius
1149 1397 1254 1472 Capito

91 1470 126 1528 in
147 1470 257 1531 litteris
275 1471 313 1530 ad
332 1469 418 1531 Clod
438 1467 604 1539 Thuscum,
638 1472 672 1528 in
697 1469 805 1552 quibus
830 1466 969 1530 definitio
998 1471 1167 1534 Solaecismi
1199 1494 1254 1538 tra-

91 1549 175 1610 ditur
193 1595 202 1612 .
222 1551 391 1613 Lactantius
420 1550 442 1610 1.
464 1558 491 1608 ό.
512 1549 587 1612 Diu·
617 1546 689 1609 Inst.
718 1551 791 1612 citat
823 1549 940 1610 Sisinnis'
971 1549 1114 1626 Capitonis
1145 1555 1196 1616 lib.
1217 1559 1252 1618 cle
1342 1593 1344 1600 ·

92 1627 116 1688 S
133 1633 289 1690 seruulis.

108 1651 245 1785 pcipira
267 1707 388 1781 Rhesos,
410 1707 540 1771 landatur
559 1731 575 1770 a
595 1709 638 1770 M.
652 1709 717 1770 Sea.
734 1707 766 1770 in
780 1710 912 1770 Prooem.
925 1709 946 1773 1.
961 1731 1004 1770 ro.
1021 1709 1171 1786 Contran,
1196 1716 1248 1799 qui

13 1798 15 1803 “
93 1788 171 1850 liber
191 1792 227 1852 in
246 1792 382 1851 editione
402 1793 542 1852 Patavina
561 1810 704 1866 an.t713.
717 1792 887 1850 inscribitur
898 1793 1041 1871 quintus.
1233 1793 1235 1800 ’

133 1870 237 1944 Capito
257 1870 269 1949 (
290 1874 408 1947 attens
428 1869 687 1947 ),Jurisconsultus
705 1869 878 1938 doctiss.,et
892 1871 993 1929 notiss.
1003 1873 1156 1934 Caesarum
1180 1872 1250 1936 adu·

89 1948 188 2019 lator,
209 1952 369 2020 Labeonis,
390 1946 506 2011 alterius
526 1951 707 2033 insignimur
757 1949 890 2009 asissimi
910 1951 1133 2021 iurisconsulti,
1154 1973 1251 2016 aemu-

88 2029 156 2088 lus.
179 2033 306 2114 Augusti
326 2031 418 2114 gratia
437 2029 682 2090 assentationibus
701 1970 759 2090 siit
778 2029 954 2096 conciliata,
976 2031 1170 2090 Consulatum
1191 2033 1242 2092 ob·

88 2110 208 2177 tinuit,
228 2115 421 2191 competitore
441 2109 573 2172 Labeone
593 2109 733 2178 deuicto,
755 2108 804 2169 sed
824 2110 888 2167 sine
917 2107 1015 2188 plausu
1036 2111 1167 2247 populif,
1192 2114 1244 2194 qui

88 2189 258 2251 Labeonem
268 2194 365 2251 sirum
375 2193 604 2273 integerrimum,
612 2189 778 2249 assentandi
788 2189 926 2256 nescium,
935 2188 1034 2248 Consu
1047 2209 1093 2249 em
1105 2190 1224 2272 optabat
1242 2237 1251 2253 .

88 2271 164 2328 Post
172 2271 300 2352 Augusti
313 2271 439 2338 obitum,
451 2270 550 2330 eadem
570 2286 631 2330 arte
650 2287 727 2338 usus,
736 2269 852 2330 Tiberii
862 2270 984 2352 gratiam
997 2270 1086 2330 etiam
1099 2274 1248 2352 captavit.

87 2350 170 2408 Vide
184 2349 357 2424 Pomponius
374 2352 420 2410 lit.
432 2350 467 2409 P.
481 2353 577 2410 Plures
589 2348 678 2408 libros
697 2349 817 2429 reliquit
828 2349 945 2423 Capito,
960 2349 1038 2407 inter
1058 2369 1130 2433 quos
1152 2371 1246 2412 tecen-

86 2448 190 2488 sentur
209 2429 280 2488 libri
291 2429 558 2499 collectaneorum,
579 2428 626 2488 vel
646 2447 679 2488 ut
698 2429 765 2489 aliis
784 2429 878 2510 placet
890 2430 1152 2514 Coniectaneorum
1173 2431 1239 2491 Gel.

85 2511 149 2568 La.
161 2528 187 2566 c.
198 2528 247 2578 ²4-
258 2509 296 2570 de
317 2510 450 2586 Capitone
470 2510 630 2577 meminit,
651 2526 680 2568 et
700 2507 805 2579 libau
821 2509 972 2567 auritas
992 2508 1044 2568 lib.
1065 2525 1134 2579 stu.
1154 2510 1249 2589 conju-

86 2605 249 2666 trancosum
270 2589 552 2665 CapitonisMultos
572 2591 644 2647 item
665 2589 780 2670 scripsit
800 2588 837 2650 de
857 2585 1021 2647 JurePont.
1034 2607 1078 2659 ,et
1093 2579 1246 2657 Continent.

85 2669 119 2726 lt
139 2667 261 2728 Iudiciis
277 2671 357 2743 publ.
367 2670 455 2730 Obiit
474 2670 527 2729 sub
540 2668 679 2730 Tiberio.

129 2748 233 2823 Capito
253 2749 464 2826 (Titinnius),
476 2747 693 2809 Histlaudatus
713 2768 729 2808 a
749 2745 827 2809 Plin.
839 2748 919 2809 Cast.
931 2745 951 2808 l.
961 2745 1108 2823 ulpia.
1123 2748 1239 2830 scripsit

86 2827 124 2888 sle
146 2828 264 2889 Exsilio
283 2829 442 2890 illustrium
463 2831 617 2899 Virorum,
639 2829 719 2908 quod
739 2831 823 2912 Opus
843 2827 936 2888 desid.
1213 2827 1216 2835 ⁴

127 2909 308 2984 Capitolinus
328 2909 440 2986 (lul),
461 2911 540 2969 Hiar.
560 2909 614 2988 suls
633 2906 779 2978 Diocles,
800 2924 831 2966 et
851 2905 1053 2978 Constantino
1069 2908 1112 2967 M.
1134 2907 1239 2988 imper¹

83 2991 205 3070 scripsit
232 2989 464 3062 Weastmpem,
485 2989 536 3048 sed
554 2994 615 3066 ejus
635 2989 684 3048 int
719 3008 761 3047 ras
781 2988 860 3048 Hist.
878 3005 938 3046 non
959 2986 1114 3047 habemus.
1138 2991 1183 3048 De
1203 3007 1238 3048 eo

84 3070 231 3128 meminit
250 3069 362 3130 Trebel.
375 3067 472 3131 Pollio
484 3114 491 3136 ,
503 3069 555 3128 ubi
574 3070 611 3128 de
632 3067 710 3126 Zeno
733 3069 758 3127 ia
780 3066 1017 3136 nobilissims‚et
1031 3064 1242 3128 formosissima

85 3143 248 3210 Palmiren.
266 3151 385 3232 regina,
405 3167 434 3209 et
454 3149 651 3228 Vopiscusin
678 3146 743 3204 Vita
763 3147 848 3206 Probi
868 3149 999 3223 Imperat.

125 3229 270 3288 Carbilius
289 3229 470 3309 (Spurius),
492 3229 623 3288 Gramm.
637 3225 757 3286 libertus
777 3227 913 3295 Carbilii,
926 3230 978 3308 qui
998 3225 1108 3308 primus
1129 3229 1240 3287 Romae
1257 3301 1260 3308 Ι
1359 3279 1363 3288 .

82 3329 208 3370 uxorem
228 3310 485 3390 repudiantium
504 3309 642 3366 intentor
662 3307 775 3366 litterae
789 3309 826 3366 G.
841 3325 912 3366 teste
924 3309 999 3366 Plur.
1014 3309 1047 3364 in
1060 3303 1238 3376 Problemrn.‚

81 3388 134 3448 ubi
146 3391 240 3449 etiam
253 3392 306 3459 ait,
317 3391 445 3470 primum
458 3385 554 3452 fuisse,
565 3389 616 3468 qui
635 3387 738 3446 ludum
750 3387 924 3446 litterarium
938 3389 1049 3446 Romae
1060 3389 1171 3465 aperuit
1183 3410 1189 3443 :
1203 3389 1236 3445 in

80 3471 177 3549 quo(
249 3492 267 3528 e
285 3471 363 3530 tanti
383 3469 449 3528 Viri
468 3468 582 3528 dictum
603 3468 643 3525 sit
659 3470 676 3544 )
696 3469 801 3527 erravit
821 3465 1005 3527 Plutarchus:
1018 3485 1084 3524 nam
1106 3469 1242 3535 Romae,

66 3566 114 3608 ‚ut
136 3569 193 3629 pro
229 3549 373 3608 bilissimt
392 3549 529 3617 arbitror,
549 3547 601 3607 sub
621 3543 811 3629 Regibus,et
831 3546 1020 3627 proculdubio
1042 3549 1134 3626 Appii
1156 3547 1239 3604 Clau·

80 3629 127 3685 dii
148 3629 538 3707 aeso‚Decemvirisllemp.
549 3625 1054 3708 gubernantibus,ludnslitterarius
1074 3628 1161 3685 etiam
1183 3622 1240 3685 foe-

85 3709 185 3766 minis
204 3726 318 3788 apettus
338 3727 415 3768 erat.
437 3708 515 3767 Vide
535 3707 676 3766 litterarii
696 3707 769 3764 Ludi
789 3708 822 3766 in
844 3705 878 3764 L,

132 3788 431 3882 Curbilius,.l²ictot,
452 3787 549 3876 edidit
568 3807 641 3869 opus
659 3789 694 3846 in'
715 3789 787 3847 Pub.
808 3787 990 3874 Virgilium,
1011 3783 1090 3868 quod
1110 3783 1245 3858 Aeneido-
1364 3865 1367 3870 ι

86 3885 200 3926 nassis
220 3887 384 3949 rnnrrpsrt.
1033 3937 1036 3944 ,

128 3947 224 4008 Cario
243 3949 309 4027 (C)
321 3989 331 4018 ‚
344 3947 411 4012 bini
429 3945 547 4012 merum
566 3949 700 4010 Oratores
718 3946 1065 4034 ‘ejtsdempratnominis
1076 3992 1085 4022 ,
1098 3963 1128 4008 et
1148 3945 1243 4010 nomi·
1286 4031 1289 4038 ι
