3317 4817
469 374 528 432 rso
982 357 1044 427 uli

427 450 541 528 Romae
560 452 656 518 erant,
674 461 703 506 et
724 437 861 507 omnium
880 442 986 505 artium
1010 443 1118 526 petitos
1137 432 1533 525 semsegloriaiantut,lnsi

428 528 731 610 impudentia.Cic.l.
744 523 1531 606 r.deOratoresubCrassipersonaaffirmat,Graecos?
1554 521 1577 580 'l
1639 544 1640 579 ι

427 609 632 677 contentionis
653 608 765 690 magis,
786 627 873 688 quam
893 607 1026 665 veritaris
1044 605 1167 685 cupidos
1196 601 1305 675 fuisse,
1326 622 1356 664 et
1383 623 1441 685 qno
1459 605 1579 684 quisque

408 690 542 768 ,optime
564 689 671 750 Graece
692 687 776 748 sciret
786 711 801 756 ,¹
815 687 858 745 ita
878 706 938 750 esse
958 687 1187 767 nequissimum.
1208 685 1245 742 ln
1268 707 1294 744 a.
1307 700 1403 744 autem
1417 684 1577 744 lideradit:
1639 696 1640 763 J

427 768 550 828 Graecos
565 766 783 832 hommes'adeo
794 764 912 846 ineptos
924 763 1027 836 fuisse,
1036 782 1078 834 ut,
1088 784 1129 824 ne
1142 783 1251 824 nomen
1263 764 1530 845 quidemineptiae
1543 763 1579 822 ri·
1639 770 1640 839 ᾗ

425 849 472 907 tio
484 849 770 930 imposuerint,quia
791 846 914 926 ineptiis
924 846 1080 914 cumulati,
1093 844 1221 935 ineptiae
1232 844 1341 913 malum
1354 863 1417 904 non
1427 843 1580 904 ridebanti
1639 868 1640 887 ι

422 921 489 988 Alii
508 945 606 987 tamen
627 930 776 1012 proprium
798 928 941 985 Graecum
963 926 1133 986 uocabulum
1147 926 1277 1005 ineptiae
1287 924 1513 1006 assignant.8rrd
1526 920 1578 981 for·
1639 930 1640 973 i

421 1009 501 1068 sitan
511 1025 575 1089 post
588 1010 758 1068 Ciceronem
772 1003 947 1066 lictumfuit..
962 1005 1109 1066 luvenalis
1115 1003 1176 1063 Sat.
1188 1025 1233 1062 aa.
1245 1005 1396 1064 mendaces
1406 1003 1579 1065 inHistoris
1639 1074 1640 1081 ἵ

420 1089 546 1148 Graecos
568 1105 689 1152 uocat:
706 1087 750 1148 'Et
770 1087 902 1164 quidquid
914 1086 1033 1144 Graecia
1054 1087 1213 1166 mendax:
1234 1083 1329 1164 Audet
1344 1083 1577 1144 rarissima·
1639 1148 1640 1159 χ

420 1169 544 1228 tendum
566 1185 673 1237 tamen,
687 1187 736 1228 cos
756 1164 942 1226 humaniores
952 1167 1094 1225 Romanis
1113 1162 1201 1224 fuisse
1220 1165 1254 1223 in
1275 1164 1370 1228 ludis.
1389 1185 1420 1224 et
1439 1181 1577 1246 spectatu·
1639 1170 1640 1219 ἓ

421 1246 578 1330 lis.Apud
598 1251 722 1308 Graecos
742 1267 867 1327 namque
878 1247 1081 1306 Gladiatorum
1103 1244 1261 1326 spectacula
1278 1246 1313 1302 iu
1333 1264 1386 1303 usu
1405 1263 1466 1304 nort
1484 1259 1576 1315 crant,
1639 1266 1640 1269 ¹

422 1323 536 1408 quibus
549 1327 762 1390 delectabantur
782 1328 931 1396 Romani,
953 1326 1106 1385 hominem
1133 1326 1279 1392 occidere,
1301 1341 1330 1383 et
1351 1324 1445 1384 occidi
1471 1323 1576 1386 ludum

422 1423 609 1488 reputantes,
630 1426 660 1467 et
687 1410 779 1468 uitam
807 1431 823 1466 a
843 1408 952 1489 populo
971 1427 1050 1466 orare
1069 1406 1320 1486 ignominiosum.
1333 1400 1502 1473 Graeciam,
1524 1406 1575 1466 Ca·
1639 1410 1640 1433 ¹

365 1484 371 1551 ¹.
421 1489 561 1555 nauseis,
583 1509 631 1549 seu
651 1485 863 1558 Phoenicibus,
884 1510 900 1547 a
920 1489 1006 1546 losue
1027 1488 1118 1566 patria
1139 1485 1251 1565 pulsis,
1268 1483 1406 1563 repletam
1427 1481 1530 1552 fuisse,
1545 1501 1573 1544 ct

394 1570 396 1574 ’
421 1565 511 1627 abeis
526 1567 647 1626 Graecos
659 1568 883 1648 disciplinas,et
902 1585 974 1626 artes
986 1565 1441 1648 didicisse,ostendunt-uestigia
1454 1563 1573 1640 ¹al’lsoe·

420 1647 537 1708 uicibus
556 1648 655 1708 relicta
674 1648 708 1706 in
720 1647 845 1707 urbium
866 1647 1063 1711 Graeciae.et
1082 1644 1201 1704 heroum
1217 1644 1411 1716 nominibus,
1433 1660 1466 1704 ut
1483 1646 1572 1705 etiam

421 1726 457 1784 in
484 1726 648 1809 disciplinis
668 1729 826 1810 ingenuis,
848 1745 878 1787 et
905 1728 1105 1807 superstitiosa
1133 1726 1296 1809 religione.
1316 1723 1570 1807 Carthaginenses,
1639 1762 1640 1765 =

422 1810 636 1888 qualoccasione
655 1807 811 1878 edixerint,
826 1807 928 1889 nequis
939 1809 1070 1892 linguam
1084 1807 1223 1865 Graecam
1237 1803 1405 1874 addisceret,
1417 1800 1502 1863 refert
1513 1806 1572 1881 Ma·
1639 1826 1640 1831 ¹

423 1887 504 1946 tiana
524 1886 603 1949 Hirr.
618 1887 701 1962 Hisp.
713 1889 761 1946 lib.
780 1907 810 1944 2.
831 1908 854 1946 c.
879 1911 906 1962 3.
1396 1941 1400 1953 ,

466 1965 618 2024 Graecinus
639 1967 655 2042 (
664 1967 756 2028 Julius
768 1967 795 2042 l,
812 1966 972 2050 Agricolae,
980 1966 1112 2030 Cornelii
1132 1965 1231 2026 Taciti
1243 1963 1346 2033 soceri,
1366 1980 1453 2045 patet,
1474 1961 1571 2026 studio
1639 1960 1640 1983 ³

420 2045 621 2124 eloquentiae,
643 2064 672 2105 et
692 2049 852 2128 sapientiae
872 2065 978 2116 notus,
1000 2063 1074 2107 teste
1092 2049 1161 2108 Tac.
1177 2048 1213 2104 in
1239 2045 1305 2105 Vita
1326 2045 1497 2122 Agricolae.
1519 2047 1579 2113 οο,

419 2127 496 2186 cisus
517 2122 574 2188 fuir
594 2131 677 2205 jussu¹
691 2129 839 2199 Caesaris,
859 2127 893 2186 in
912 2127 1118 2204 cujus-odiam
1138 2127 1295 2186 incurrerat
1314 2123 1353 2184 ob
1373 2126 1571 2185 morumintc·

366 2257 368 2261 .
422 2207 580 2286 gritatem,
602 2207 718 2286 etquis
739 2208 866 2266 accusare
887 2207 1000 2277 noluit,
1020 2209 1175 2269 ut'Caesar
1194 2205 1328 2288 optabat,
1349 2207 1393 2265 M.
1413 2205 1568 2286 Syllanam.

421 2283 553 2352 Graecini
573 2287 687 2352 mentio
708 2283 741 2344 fit
761 2307 777 2345 a
797 2288 908 2345 Stude
927 2283 1060 2364 Benefil.
1081 2306 1146 2356 aa.
1161 2306 1209 2344 20.
1423 2353 1424 2358 ἵ
1548 2335 1560 2342 .

396 2416 400 2422 .
454 2362 622 2432 Graecinus,
644 2367 710 2426 Cos.
724 2366 830 2434 Ouidii
843 2367 968 2430 amisus.
986 2368 1038 2426 'Ad
1058 2388 1123 2426 eum
1144 2385 1189 2426 est
1207 2365 1314 2426 Ouidii
1326 2365 1417 2440 Epist.
1426 2366 1476 2431 tir.
1495 2389 1524 2438 4
1537 2366 1567 2424 de

417 2441 531 2511 Ponto,
552 2441 586 2501 in
607 2465 662 2526 qua
683 2443 817 2526 indicat,
837 2462 904 2504 curn
924 2446 1147 2526 Jnrispmstum.
1167 2463 1197 2506 et
1222 2443 1382 2511 facundum
1403 2447 1486 2507 Orat.
1503 2443 1566 2507 fitis·

416 2542 463 2586 se.
474 2523 588 2585 Iudicat
598 2525 697 2595 etiam,
710 2529 770 2604 ejus
790 2523 915 2602 fratrem,
926 2542 992 2608 post
1004 2547 1079 2598 cum,
1091 2529 1159 2589 cos.
1171 2526 1206 2586 ab
1218 2528 1307 2610 Aug..
1315 2527 1363 2586 cui
1382 2525 1469 2588 ambo
1488 2542 1565 2588 etant

423 2603 585 2674 carissimi,
606 2605 787 2689 designatum
800 2631 812 2666 .⁴
831 2639 835 2647 =
1032 2628 1040 2632 ·
1419 2641 1430 2647 ·-

456 2683 630 2754 Graecinus,
650 2688 766 2767 scripsit
787 2686 879 2750 veluti
899 2688 1058 2770 discipulus
1076 2688 1149 2749 Julii
1169 2687 1286 2755 Attici,
1307 2686 1405 2764 (teste
1424 2685 1566 2756 Columel-

413 2763 441 2827 la
454 2765 540 2823 l.1.t.
554 2785 581 2822 r.
591 2765 625 2823 de
645 2785 673 2823 re
693 2784 759 2825 rust.
772 2768 782 2842 )
796 2809 803 2832 ‚
816 2769 877 2827 duo
896 2771 1048 2830 volumina
1067 2769 1105 2828 de
1131 2767 1241 2826 Wneis..
1253 2769 1328 2828 Eunt
1350 2766 1478 2830 Plio-H.
1488 2767 1526 2826 N.
1537 2766 1559 2824 l.

415 2861 462 2917 14.
475 2843 552 2906 Celsi
572 2847 806 2929 transcriptorum
827 2850 966 2930 appellat.
989 2852 1059 2909 Fuit
1077 2869 1148 2909 avus
1169 2848 1268 2908 uxoris
1287 2849 1375 2925 Corn.
1389 2847 1509 2909 Taciti.

857 2929 1041 2988 Corollarium
1067 2929 1118 2987 1¹12
1189 2969 1193 2979 -

455 3006 636 3066 Grammatici
663 3001 771 3088 prisci,
791 3024 821 3068 et
850 3008 967 3078 critici,
988 3027 1018 3069 et
1038 3009 1168 3069 litterati
1194 3030 1210 3068 a
1240 3006 1384 3069 Romanis
1412 3007 1567 3090 appellatii

386 3104 520 3170 ,magno
540 3088 574 3144 in
594 3089 688 3167 pretio
708 3091 819 3148 Romae
835 3104 937 3161 nerant.
949 3091 1071 3158 Hi‚-uel
1090 3089 1219 3148 mercede
1240 3107 1321 3169 pacta
1340 3107 1407 3148 ortu
1428 3090 1564 3158 alumnis,
1631 3089 1636 3098 ’

407 3183 458 3224 aut
477 3166 661 3226 alumnorum
689 3167 875 3247 parentibus,
898 3169 944 3240 vel
971 3163 1089 3248 publico
1115 3169 1267 3248 stipendio
1293 3171 1350 3228 assi
1372 3183 1465 3238 nato,
1484 3177 1557 3228 recte

406 3243 599 3326 loquendi,et
619 3246 764 3307 scribendi
784 3266 931 3329 praecepta
951 3246 1155 3317 tradebant,et
1176 3251 1278 3329 Boetas
1298 3191 1558 3328 explcabautAEo·

405 3342 471 3384 sum
492 3325 583 3400 multa
603 3328 697 3407 Opera
716 3328 948 3407 interciderunt.
969 3331 1125 3388 Suetonius
1145 3327 1369 3388 librum'edidit
1391 3327 1430 3386 de
1453 3327 1564 3386 Illustt.

319 3456 323 3472 ,
406 3405 603 3488 Grammaticis
628 3413 709 3486 saepe
728 3428 744 3466 a
765 3427 811 3466 me
829 3409 953 3468 citatum
966 3449 982 3482 .⁸
994 3427 1025 3468 et
1049 3408 1223 3472 citandum.
1247 3407 1431 3465 Grammatiti
1459 3426 1557 3487 paraus

404 3485 524 3554 eruditi,
545 3484 821 3561 Grammatistae‚et'
839 3484 1010 3546 litteratores
1032 3487 1227 3563 ¹uocslrnntut.
1249 3489 1392 3567 Antiquis
1420 3487 1563 3545 Gramma·

397 3556 472 3624 ’titis
492 3564 629 3625 debemus
650 3566 740 3625 multa
761 3563 921 3649 fragmenta¹
940 3569 1071 3648 Operum
1093 3569 1286 3639 Latinorum,
1306 3586 1380 3646 quae
1400 3568 1563 3646 perierunt,

407 3645 464 3703 vel‘
473 3645 565 3705 latent
576 3645 669 3705 adhuc
681 3689 688 3712 ‚
704 3645 739 3704 ab
750 3647 791 3704 eis
810 3647 912 3715 allata,
925 3648 1025 3722 citatis
1034 3648 1226 3706 Auctoribus.
1240 3649 1318 3704 Suet.
1330 3664 1488 3714 memorat,
1500 3647 1558 3725 qui·

405 3720 527 3784 busdam
547 3724 725 3806 temporibus
746 3726 858 3802 Romae
878 3720 968 3807 'supra
991 3748 1037 3786 so.
1058 3725 1182 3788 celebres
1207 3725 1426 3786 Grammaticse
1454 3724 1549 3784 schola

406 3799 516 3866 fuisse:
538 3823 629 3885 neque
650 3807 728 3864 risos
746 3805 853 3864 clariss.
880 3806 1053 3886 dedignatos
1074 3805 1110 3869 de
1136 3805 1333 3864 Grammaticis
1360 3804 1444 3864 rebus
1470 3797 1561 3864 mult⁹

402 3881 547 3951 scribere,
566 3902 596 3940 et
615 3886 648 3942 in
669 3885 760 3944 lucem
784 3884 931 3964 proferte.
947 3882 1220 3965 Notum-namque
1247 3900 1312 3954 est,
1334 3885 1564 3956 Iurisconsultoq

403 3960 441 4023 tlt
455 3959 611 4029 Verborum
630 3962 839 4046 Sigmficatioae
853 3966 1007 4046 scripsisse
1019 4008 1029 4037 ,
1041 3982 1073 4026 ct
1087 3965 1214 4030 ,titulum
1237 3963 1278 4036 de,
1301 3963 1451 4029 Verborum
1471 3963 1563 4046 signi,
