3317 4817
645 313 685 390 tt
786 284 793 294 .
1147 334 1206 388 ist

90 387 203 461 tiones,
215 387 378 452 Iustiniani
398 389 487 469 jussu,
507 413 524 454 a
541 391 746 462 Triboniano,
759 410 789 453 et
808 391 878 455 aliis
895 391 1123 463 Iurisconsultis,
1143 395 1251 457 Latius
1344 426 1347 436 ·

88 470 190 554 lingua
210 475 280 532 satis
300 473 608 542 exculta,emanarunt
623 518 631 543 ,
644 492 674 533 et
698 475 748 532 lus
769 477 936 534 Romanum
957 474 1074 552 Berytlii
1088 466 1106 544 ,‘
1119 488 1148 532 et
1175 474 1254 532 Con·

89 553 286 632 stantiuopoli
306 571 409 632 magna
427 573 495 612 cuin
515 553 681 614 auditotuni
702 550 863 632 frequentia
885 554 1040 613 docebatur
1064 573 1080 611 a
1106 555 1179 612 viris
1201 554 1252 612 do·

88 631 253 702 ctissimis,
275 635 400 692 munitis
420 633 595 716 privilegio,
616 653 646 692 et
666 633 815 712 Imperiali
841 636 1036 702 auctoritate,
1057 633 1163 713 quibus
1188 653 1251 692 inu-

88 713 150 786 piti
172 729 235 769 non
263 730 345 770 erant
372 713 504 794 magistri
535 714 656 772 aliarum
684 713 818 772 Orientis
839 715 1016 779 civitatum,
1041 714 1109 770 licet
1134 712 1255 774 inillis
1311 722 1314 729 '

88 790 181 849 etiam
196 791 247 850 Jus
267 791 354 850 Rom.
364 791 525 852 doceretur.
544 795 627 852 Tunc
638 811 735 852 autem
747 792 869 850 celebres
881 794 959 851 luris
971 787 1146 850 Professores
1170 808 1253 849 erant

88 869 212 936 Romae,
225 871 484 950 Constantinopoli
499 871 688 949 ‚etBetythi,
702 873 807 952 (quarn
819 871 918 930 urbem
933 871 1030 954 legum
1043 867 1186 929 nimirem
1207 889 1256 948 ap·

126 947 259 1026 llabant)
270 948 460 1029 Theophilus,
469 949 642 1017 Dorotheus,
654 951 837 1015 Theodorus.
845 951 982 1018 Isidorus,
993 949 1157 1011 Anatolius.
1167 945 1256 1008 Thal-

99 1029 203 1096 elatus,
226 1029 378 1093 Cratinus,
390 1049 419 1088 et
438 1029 627 1090 Salaminius.
650 1033 693 1090 Ec
713 1029 820 1111 quibus
843 1053 867 1102 4.
882 1029 1014 1109 Berytbi,
1027 1053 1053 1088 a.
1067 1032 1198 1095 Romae,
1222 1045 1252 1087 et

88 1109 219 1166 totidem
241 1109 502 1190 Constantinopoli
522 1110 573 1169 lus
592 1111 761 1170 Romanum
782 1109 897 1192 publice
909 1109 1073 1170 tradebant
1085 1143 1096 1166 .·
1113 1109 1183 1165 Post
1204 1107 1252 1166 Ju-

86 1189 265 1254 stinisnurn,
286 1190 467 1268 sequentium
480 1191 952 1268 Imperatoruminertia.arnissis
971 1188 1112 1249 omnibus
1131 1188 1251 1266 provin·

33 1335 37 1342 ⁴
86 1267 142 1326 tiis
164 1267 459 1336 Occidentis,minus
479 1269 592 1328 exculta
612 1266 670 1330 fuit
690 1271 723 1328 in
743 1270 867 1328 Oriente
879 1271 984 1330 Latina
997 1270 1096 1351 lingua
1108 1282 1155 1330 ‚et
1170 1267 1250 1346 paul-

86 1344 174 1406 latim
195 1347 255 1408 sola
276 1348 383 1407 Graeca
403 1349 502 1432 lingua
522 1354 555 1408 in
576 1347 686 1408 bonore
712 1346 794 1408 fuit.
818 1348 1024 1408 Nihilominus
1052 1345 1192 1408 Nicolaus
1219 1347 1244 1405 l.

86 1425 179 1486 Rom.
194 1423 332 1485 Pontifex
354 1428 449 1487 seculo
471 1429 544 1498 91-in
564 1427 657 1502 Epist.
671 1429 708 1486 ad
728 1426 923 1497 Melissea,
945 1426 1087 1487 Graecum
1119 1427 1252 1506 Impera·

88 1522 194 1572 torem,
217 1507 270 1586 qui,
289 1506 423 1566 Latinam
444 1507 575 1590 linguam
597 1507 746 1576 barbaram,
760 1508 796 1568 ad
808 1509 963 1567 Nicolaum
977 1508 1111 1572 scribens,
1125 1505 1246 1584 appella-

89 1583 137 1643 bat
157 1624 167 1648 s
188 1586 252 1652 ait,
274 1585 307 1644 in'
333 1587 664 1668 Constantinopolitano
684 1587 808 1647 Ecclesia
830 1589 958 1666 primum
980 1589 1119 1653 Latinas,
1141 1583 1248 1643 deinde

88 1665 212 1722 Graecas
232 1665 373 1724 lectiones
391 1667 425 1740 in
446 1667 540 1726 Festis
552 1711 560 1734 ,
573 1685 602 1726 et
622 1665 813 1733 stationibus,
834 1687 883 1724 seu
904 1668 982 1725 inter
1001 1666 1156 1725 Missurum
1177 1663 1244 1722 solo

88 1745 174 1802 mnia
195 1744 253 1824 legi
275 1744 394 1814 solitas,
415 1762 444 1804 et
466 1748 562 1805 mirari
584 1766 613 1806 se
635 1746 733 1809 addit.
757 1745 902 1803 barbaram
923 1747 1018 1803 vocari
1038 1743 1168 1824 linguam
1189 1742 1257 1800 Ro·-

87 1841 209 1886 manom
231 1820 267 1881 ab
286 1843 339 1887 eo,
359 1825 461 1904 quise
481 1823 639 1904 appellabat
660 1827 825 1884 Romanum
847 1827 1073 1903 imperatorem.
1094 1821 1172 1880 Vide
1183 1821 1250 1898 Epi·
1268 1841 1273 1845 ·

89 1903 166 1976 scopi
177 1906 210 1958 in
222 1901 256 1958 Ε.
270 1903 387 1971 ,Graeci
397 1905 430 1960 in
440 1903 475 1962 G.
488 1907 533 1964 De
546 1905 588 1962 lin
630 1906 655 1963 is
668 1901 903 1963 Romaneusibus
916 1900 1079 1984 vulgaribus
1089 1945 1097 1968 ,
1107 1899 1175 1959 vide
1184 1899 1255 1956 Dis·

91 1983 269 2040 tertationem
290 1984 323 2040 de
342 1981 450 2040 Setulis
463 2004 553 2064 ‚quae
573 1925 701 2042 ἕψω
722 2003 740 2040 a
762 1983 872 2041 Criticis
891 1983 1070 2056 appellantur
1085 1980 1120 2038 in
1142 1979 1249 2037 litt..B.

98 2101 102 2108 -
128 2061 274 2129 S.Linres,
295 2063 382 2125 Rom.
395 2063 492 2142 Pone,
504 2082 533 2122 et
554 2066 674 2141 Martyr.
714 2063 743 2122 oi
756 2063 782 2122 S.
795 2065 881 2121 Petro
903 2063 1053 2141 proximus
1073 2059 1194 2119 sucessit
1214 2061 1249 2118 in

88 2137 377 2202 Romcs'thedram.
397 2143 517 2222 Scripsit
538 2141 615 2202 Acta
634 2082 794 2211 Sileni,
817 2158 846 2200 et
866 2141 984 2200 Paulli.
997 2143 1043 2200 lta
1062 2138 1193 2200 Bellatm.
1208 2137 1245 2200 de

88 2219 277 2296 Scriptoribns
297 2221 376 2279 Ercl.
389 2223 468 2283 Haec
488 2222 568 2280 Acta
589 2221 679 2282 desid.
812 2225 818 2241 ⁶

526 2299 709 2362 Corollarium
737 2300 805 2361 VII.

105 2429 107 2434 ,
131 2380 258 2438 Litterae
277 2381 416 2450 Latinae,
436 2381 508 2442 aliae
529 2376 658 2452 vocales,
679 2381 750 2442 aliae
769 2400 979 2445 consonantes.
1000 2383 1045 2443 Ex
1064 2378 1251 2444 consonanti·

86 2459 162 2532 biis,
185 2459 259 2520 alias
279 2477 348 2520 sunt
369 2479 485 2532 mutae,
506 2461 579 2522 aliae
599 2462 807 2532 semivocales,
826 2461 949 2522 arbitrio
969 2463 1249 2543 pronuntiantium.

95 2542 125 2598 Si
146 2540 230 2612 enirn
251 2559 341 2600 sonus
361 2541 468 2600 vocalis
488 2560 679 2622 praeponatur
700 2543 899 2610 consonanti,
920 2540 969 2602 liet
992 2540 1194 2603 semivocalis,
1215 2555 1249 2598 ut

87 2618 174 2682 siu
192 2617 291 2684 littera
303 2639 394 2700 ,quae
414 2640 497 2680 muta
515 2621 632 2690 dicitur,
654 2623 891 2702 pronuntiaretur
911 2640 973 2680 non
992 2619 1109 2684 Be,sed
1129 2619 1188 2682 El,
1201 2615 1248 2698 fic·

95 2716 138 2758 iet
161 2699 363 2770 semivocalis,
387 2717 419 2758 ut
439 2699 468 2758 F
477 2745 486 2770 ,
506 2699 540 2758 N
549 2745 558 2772 ,
573 2699 615 2758 M
622 2719 669 2770 ,et
688 2704 757 2780 quia
777 2720 917 2780 perpetuo
937 2719 990 2778 usu
1010 2720 1045 2758 ex
1057 2699 1177 2758 arbitrio
1190 2715 1252 2777 pro·

92 2779 304 2856 nunciantium
325 2797 414 2838 sotius
423 2779 530 2840 vocalis
537 2781 724 2860 postponitur
745 2779 778 2838 in
803 2780 965 2860 prolatione
975 2777 1013 2844 B,
1026 2796 1107 2838 muta
1127 2778 1249 2856 appella·

83 2875 157 2935 pur,
172 2873 205 2926 ut
221 2859 315 2934 'etiam
338 2857 363 2916 C
369 2902 382 2928 ,
395 2857 445 2924 D.
462 2857 500 2928 T,
513 2879 567 2920 tet.
576 2861 687 2920 Contra
706 2859 822 2918 evenire
843 2875 938 2938 posset
957 2858 989 2916 iu
1010 2855 1248 2925 semivocalibus,

89 2957 165 3018 ,quare⁴
184 2955 283 3004 mutae
302 2933 403 2998 fierent
416 2982 425 3008 ,
438 2941 464 3000 si
482 2959 549 2998 euni
562 2959 635 2998 sono
655 2937 765 2998 vocalis
782 2940 816 2996 in
827 2936 886 3001 fine
929 2934 1103 3005 oferrentur,
1117 2953 1149 2994 ut
1160 2936 1248 2993 Grae·
1278 2973 1282 2980 -

85 3019 119 3076 si
139 3014 254 3077 faciunt
265 3059 279 3087 .,
297 3019 349 3096 qui
368 3018 472 3078 iccirco
490 3013 593 3096 omlnes
614 3018 724 3078 litteras
743 3035 837 3076 mutas
856 2957 982 3077 laabim.
1003 3018 1122 3076 Veteres
1141 3015 1246 3092 Roma,-

86 3098 141 3166 iii,
154 3113 231 3156 teste
251 3097 348 3166 Festo,
368 3095 478 3158 litteras
499 3118 559 3158 non
581 3096 842 3178 duplicabant,sed
863 3118 945 3177 supra
959 3098 1083 3178 primam
1095 3091 1244 3155 steilicum

89 3175 293 3256 apponebant,
313 3193 343 3235 et
363 3171 523 3237 scribebant
543 3176 620 3236 Sel’e
641 3197 693 3258 pro
711 3175 813 3236 Sella.
839 3179 884 3236 lta
903 3179 928 3236 S.
945 3175 1071 3240 Isidorus
1092 3176 1113 3233 l.
1126 3197 1152 3233 i.
1167 3173 1247 3250 orig.

88 3253 282 3316 omittebant
292 3258 382 3316 etiam
402 3259 436 3316 in
457 3259 604 3338 scriptura,
618 3275 648 3316 et
669 3258 911 3337 pronuntiatione
923 3274 1132 3316 consonantem
1146 3300 1153 3321 ,
1168 3271 1247 3334 prae·

89 3335 192 3400 settim
213 3333 272 3400 M.
286 3353 322 3403 ,et
341 3333 382 3413 S,
400 3357 468 3396 tum
488 3339 522 3397 in
543 3337 623 3396 illam
644 3335 793 3398 desinebat
815 3335 1005 3403 vocabulum,
1027 3337 1051 3394 si
1073 3334 1247 3410 vocabulum

82 3414 266 3495 ,subsequens
283 3434 301 3476 a
320 3419 497 3477 consonanti
517 3417 680 3495 inciperet.
701 3417 747 3476 Sic
767 3416 923 3474 Terentius
942 3415 1080 3474 scribebat
1092 3412 1170 3488 Ain?
1184 3417 1242 3489 'pro

88 3494 144 3552 Ais
163 3504 223 3552 net
242 3492 421 3564 Falsp’tam
442 3515 493 3576 pto
514 3492 620 3556 Falsas
640 3514 701 3553 sum
715 3535 723 3564 ,
736 3511 765 3552 et
784 3495 904 3554 Plautus
923 3493 1033 3552 Facru'
1054 3511 1104 3573 pio
1125 3489 1244 3568 Faetuln

85 3575 186 3651 posito
206 3591 347 3644 accentu,
369 3576 430 3634 sive
451 3574 564 3637 sicilico
586 3593 638 3654 pro
657 3573 753 3634 littera
770 3617 778 3642 ‚
798 3592 870 3653 quae
891 3574 1103 3638 omittebatur,
1124 3586 1153 3628 et
1175 3586 1248 3628 non·

85 3671 239 3732 nunquam
260 3653 422 3714 scribebant
441 3651 476 3714 St
495 3674 547 3736 pro
567 3655 643 3724 Est,
665 3671 697 3714 ut
718 3651 854 3710 Factum’
876 3672 902 3713 st
922 3673 972 3734 pro
985 3653 1103 3710 Factum
1115 3667 1172 3706 est.
1193 3653 1247 3708 Li-

80 3731 148 3796 ,tini
167 3734 249 3791 inter
261 3732 371 3796 litteras
389 3755 453 3796 suas
475 3754 535 3797 non
555 3751 703 3796 recensent
723 3733 833 3794 litteras
852 3754 891 3812 y.
906 3754 920 3807 r
933 3777 940 3800 ,
953 3752 983 3792 et
1006 3751 1074 3795 ¹ante
1087 3729 1243 3790 Claudiurn

88 3812 238 3871 Caesarem
251 3831 353 3892 parum
370 3811 413 3876 inv
426 3834 480 3874 usu
500 3811 558 3874 fuit
579 3815 685 3883 littera¹
696 3833 717 3872 x
729 3858 735 3872 .
747 3811 904 3880 Claudius,
922 3835 946 3888 3.
959 3813 1088 3879 litteras,
1110 3829 1143 3870 ut
1164 3810 1245 3870 valde

87 3893 442 3968 tessalonicenses
460 3895 569 3958 Latino
578 3893 742 3984 Alpliabeto
754 3896 916 3976 reputavit:
928 3887 983 3974 qua
1002 3894 1039 3954 de
1058 3911 1097 3962 te,
1108 3909 1174 3952 curu
1190 3889 1248 3974 pri-
