3317 4817
488 418 506 461 n
651 392 655 402 '
727 416 731 421 ·
978 390 1035 455 nu
1246 436 1252 446 ,
1307 437 1311 444 -

429 416 629 537 Asianisnrum
651 470 775 533 ereit'are
794 470 894 534 conati
913 478 1035 534 suntin
1056 470 1179 533 Polonia
1199 469 1348 534 Soeiniani
1380 467 1571 554 ⁴superioribus

426 558 538 631 seculis,
552 573 651 615 nostro
671 555 823 634 proximis,
836 554 958 613 Hieron.
968 554 1109 621 Osorius,
1124 552 1238 634 Algarb.
1249 554 1388 632 Episc.in
1407 554 1571 621 Lusitania,

424 636 521 706 tulta,
541 654 570 694 et
591 634 712 693 mascula
733 634 899 713 eloquentia
920 632 985 690 An'i
1005 653 1126 691 errorem
1147 633 1306 714 exagitavit
1325 632 1373 689 lib.
1389 655 1416 701 3.
1438 634 1474 690 de
1503 630 1569 689 Vrrn

421 714 579 789 Sapientia,
601 712 680 793 quod
700 714 849 771 innumeri
871 713 923 773 alii
945 732 1022 771 more
1042 710 1216 769 scholastico
1236 730 1334 791 postea
1346 712 1566 792 praestiterunt.

422 794 636 853 Constantinus
656 794 699 849 M.
711 790 1065 865 Arianos'Porplryrinnos
1084 790 1260 869 appellabat,
1281 793 1350 871 quia
1370 808 1438 850 ante
1467 790 1567 847 Arima

426 872 600 953 Porphyrius
620 868 732 930 Christi
750 870 942 929 divinitatem
965 870 1079 947 seriptis
1089 871 1178 929 saiso
1201 872 1345 952 pugnavit
1357 914 1364 928 .
1378 870 1426 929 Ab
1436 869 1504 928 aliis
1517 867 1571 931 Eu·

425 953 528 1016 asan
548 952 621 1008 dicti
643 948 759 1008 fuerunt
779 968 906 1009 ascetae
925 948 1092 1028 Coryphaeo
1112 890 1253 1008 Eusebio.

468 1029 619 1093 Arnobius,
639 1026 724 1094 Afer,
738 1031 782 1085 vit
803 1029 929 1095 doetus,
950 1029 1095 1087 Lactantii
1117 1030 1261 1088 Firmiani
1279 1030 1313 1087 in
1334 1026 1492 1087 Rhetorice
1514 1048 1571 1086 ma·

425 1106 530 1191 gistet',
561 1109 620 1167 lura
638 1107 736 1165 edidit
753 1124 856 1166 contra
876 1106 1110 1188 Ethnieos,quae
1129 1126 1258 1166 exstant.
1279 1110 1349 1185 Ejus
1359 1110 1442 1187 Opus
1452 1107 1489 1165 de
1498 1107 1568 1164 Rhe·

426 1190 513 1245 sotice
534 1129 626 1243 iirsrit.
646 1185 738 1244 desid.
761 1186 873 1246 Floruit
894 1189 927 1244 in
947 1185 1005 1249 fine
1029 1188 1120 1261 3.Sec.
1132 1188 1212 1260 Eud,
1229 1190 1298 1251 Non
1320 1186 1413 1266 capio,
1434 1188 1568 1265 quamob-

427 1286 488 1325 rem
510 1266 630 1323 Vossius
650 1284 716 1323 eum
739 1265 924 1322 Christianum
952 1265 1098 1323 Varronem
1126 1266 1296 1354 appellarit.
1324 1268 1356 1323 Si
1377 1266 1418 1339 sit
1439 1265 1570 1347 appellas·

421 1360 465 1403 stt
483 1344 619 1411 Testuli.,
633 1344 659 1401 S.
674 1346 818 1410 Hieron..
840 1348 868 1403 S.
880 1347 1011 1425 August,
1025 1344 1070 1403 vel
1090 1347 1237 1406 Bactrum.
1259 1363 1319 1401 non
1340 1345 1466 1402 multum
1491 1345 1565 1423 equi·

427 1422 495 1481 dem
505 1437 726 1503 repugnarem.
747 1423 891 1482 Scribebat
910 1441 1010 1482 contra
1030 1421 1171 1481 Ethnicos
1191 1426 1351 1502 imperante
1369 1424 1566 1484 Diocletiano,

424 1518 497 1560 tum*
511 1522 623 1561 saeuam
644 1500 864 1576 Carnilicinarn'
878 1504 911 1560 in
931 1501 1115 1567 Christianos
1141 1503 1303 1564 exercebat.

442 1616 444 1621 ,
465 1580 615 1649 Arrianus,
635 1580 860 1639 Iurisconsultus
881 1602 927 1663 egr
965 1584 1029 1649 ius,
1050 1582 1114 1639 libb.
1126 1577 1222 1639 edidit
1242 1582 1280 1641 de
1299 1582 1516 1647 Inscitissime
1534 1581 1565 1636 de

420 1656 549 1719 re'urilit.
577 1660 625 1717 nd
646 1659 723 1719 h'une
749 1662 871 1739 scriptae
890 1603 1045 1719 eridanum
1066 1661 1159 1722 Plinii
1178 1663 1263 1728 Caec.
1285 1662 1389 1734 Epistr.
1411 1660 1450 1717 ad
1471 1660 1564 1727 Arria·

421 1734 547 1801 nostrin
567 1737 671 1819 quibus
691 1740 854 1799 doctrinam
875 1743 1002 1817 ejusdem
1022 1739 1248 1808 commendans,
1270 1741 1306 1799 ad
1326 1761 1392 1797 eum
1411 1739 1511 1795 mittit
1529 1738 1563 1795 li·

419 1814 503 1877 hrum
524 1838 540 1876 a
559 1838 588 1877 se
608 1817 809 1885 lucubratum,
830 1838 915 1897 quent
935 1839 971 1877 cu
993 1822 1018 1881 it
1037 1819 1072 1877 ab
1092 1818 1214 1877 Ardent
1234 1820 1400 1878 emendari.
1424 1820 1462 1875 V.
1488 1817 1560 1875 Plin.

420 1896 501 1955 Catc.
514 1898 560 1954 lib.
576 1918 602 1955 1.
625 1897 679 1969 Ep.
694 1916 721 1953 a.
744 1896 860 1955 Arriani
880 1899 946 1955 00.
967 1839 1058 1957 desid.

437 1988 441 1999 ’
458 1974 609 2039 Arrianus,
623 1978 739 2037 ‘Histor
747 1975 799 2035 sub
809 1978 974 2039 Hadriano.
994 1976 1115 2055 Scripsit
1134 1975 1279 2035 sustentas
1299 1978 1424 2044 Graece,
1446 1981 1566 2055 quarum*

418 2056 539 2133 antiqua
551 2056 654 2113 Latina
676 2057 768 2112 tersio
809 2055 976 2116 rocul'dubio
996 2053 1070 2115 faeta
1082 2101 1090 2124 ,
1102 2074 1136 2114 ut
1155 2077 1172 2114 a
1192 2057 1335 2115 Romanis
1356 2056 1415 2137 legi
1437 2072 1561 2135 possent,

419 2133 511 2191 desid.
532 2131 709 2198 Philaletles·
727 2074 892 2202 dicebatur,
912 2137 980 2215 qnia
1000 2136 1144 2197 veridicus
1173 2136 1207 2195 in
1234 2138 1293 2193 suis
1325 2132 1560 2194 narrationibus:

418 2229 491 2347 guae
511 2210 563 2297 dos
582 2212 616 2269 in
637 2210 779 2297 plerisque
798 2213 916 2275 Graecis
935 2216 1093 2273 Histoticis
1112 2214 1492 2295 desideratur,si1uvenali
1509 2230 1562 2270 cre-

441 2308 540 2354 lmUSn
1535 2327 1538 2333 “

459 2367 608 2441 Arsanus,
619 2370 773 2433 Nicomed.
787 2368 864 2431 Phil.
875 2418 882 2441 ,
894 2374 1022 2453 Epicteti
1043 2374 1146 2453 discip.
1161 2372 1275 2452 scripsit
1288 2373 1352 2430 libb.
1366 2371 1480 2453 aliquot
1497 2388 1560 2431 con·

415 2448 546 2509 tinentes
565 2452 748 2525 doctrinam,
768 2470 857 2531 qnam
878 2452 913 2510 ab
932 2455 1066 2532 Epicteto
1087 2454 1198 2511 Romae
1218 2452 1341 2515 docente
1361 2470 1506 2529 acceperat
1523 2448 1557 2506 ad

417 2530 513 2587 Stoica
533 2528 668 2611 dogmata
688 2530 904 2609 pertinentem,
926 2548 955 2590 et
975 2531 1131 2601 Manuale,
1146 2532 1275 2609 Epicteti
1291 2532 1384 2589 Sentt.
1398 2531 1491 2589 varias
1512 2547 1562 2585 tra-

417 2606 510 2666 dens.
538 2611 619 2668 Inter
642 2608 692 2668 has
711 2608 799 2667 Sentt.
821 2610 914 2689 plures
940 2628 1009 2672 sunt
1029 2608 1198 2671 Christiano
1219 2607 1294 2669 Phil.
1320 2628 1383 2669 non
1403 2610 1561 2691 indignae.

416 2688 455 2745 V.
477 2687 622 2762 Epictetus
641 2689 674 2749 in
695 2689 744 2750 E.
1219 2743 1231 2763 ἃ

330 2826 332 2829 ,
455 2766 617 2837 Arruntius,
638 2769 717 2827 Hist.
737 2766 797 2827 sub.
811 2768 886 2851 Aug.
899 2768 1003 2832 Edidit
1022 2766 1177 2829 Historiam
1199 2770 1231 2825 de
1252 2766 1338 2825 Bello
1360 2767 1479 2827 Punico.
1498 2759 1556 2825 affe-

411 2860 490 2905 erato
509 2846 686 2907 Sslhrstiano.
702 2846 794 2925 stylo.
817 2851 849 2907 L.
863 2851 998 2910 An..Sen.
1010 2866 1077 2908 eum
1096 2850 1189 2928 carpit
1211 2848 1303 2918 Epist.
1329 2867 1396 2916 114.
1410 2846 1447 2908 ad
1467 2843 1555 2905 Iuttil.

316 2998 320 3005 ²
413 2928 483 2997 Ejus
496 2924 572 2983 Hirr.
586 2926 676 2984 desid.
686 2969 696 2992 ,
711 2931 792 2997 euius
812 2945 910 2986 tamen
932 2928 1074 2988 nonnulla
1093 2924 1193 3008 fragm.
1207 2922 1405 2985 affertSeneea
1427 2927 1461 2983 in
1481 2924 1552 2982 dicta

413 3004 562 3094 Epist-ad
589 3005 799 3069 ostendendam
827 3011 889 3083 ejus
914 3001 1074 3070 affectatam
1087 3050 1104 3076 „
1117 3024 1149 3065 et
1167 3006 1303 3085 putidam
1333 3004 1466 3062 Sallustii
1495 3002 1556 3059 inri-

393 3108 396 3113 ’
411 3096 576 3141 tattonem.
869 3122 873 3129 -

450 3161 607 3226 ‘Arruntius
624 3163 675 3239 (L)
689 3165 812 3227 ,Orator
831 3180 881 3233 ,tt
900 3166 1018 3227 Senator
1038 3164 1160 3245 egregiis
1180 3164 1291 3227 astibus
1310 3176 1455 3228 ornatus,
1477 3178 1556 3242 quem

275 3224 276 3227 Ἴ
353 3301 358 3305 .
412 3240 559 3333 Augustum
579 3242 615 3301 de
634 3244 846 3305 successoribus
864 3246 925 3303 suis
943 3246 977 3303 in
997 3247 1124 3321 Imperio
1144 3242 1418 3322 loquens,dignum
1432 3241 1556 3298 diuites·

412 3340 442 3379 se
462 3322 594 3401 principe
612 3322 698 3381 loeo:
719 3322 757 3381 ob
777 3322 857 3401 quod
875 3322 1132 3384 dictumTrbetio
1149 3341 1300 3399 suspectus
1320 3308 1403 3379 luit.
1425 3321 1461 3376 V.
1479 3317 1556 3377 Tati·

411 3395 477 3457 isnr
498 3402 545 3459 ris.
568 3423 594 3463 ι,
617 3402 692 3457 Anu.
704 3444 711 3469 ,
725 3402 777 3480 qui
798 3402 847 3465 lib.
867 3404 897 3465 6,
915 3402 1005 3462 tradit
1024 3401 1060 3460 de
1080 3400 1217 3461 Arruntio
1239 3403 1346 3459 iterum
1362 3399 1555 3465 disserens,se

408 3478 588 3541 interemisse
607 3477 710 3539 frustm
731 3478 952 3546 dehortantibus
970 3480 1089 3549 amieis,
1110 3480 1145 3537 ad
1166 3500 1240 3559 quos
1261 3481 1436 3539 Orationem
1458 3476 1551 3535 habuit

405 3572 476 3628 tute
497 3577 619 3619 mortens
641 3558 783 3649 plura‘tis
804 3558 991 3639 ptaedicens.
1010 3562 1106 3635 Hujus
1125 3558 1209 3638 Orat.
1232 3560 1326 3617 Sentt.
1339 3554 1424 3619 affert
1436 3561 1502 3617 Tac.
1516 3555 1554 3611 di·

408 3652 456 3697 eto
476 3638 496 3694 l.
519 3644 544 3694 ό.
567 3638 728 3702 Orationes,
750 3654 780 3701 et
801 3637 866 3696 00.
878 3638 933 3698 alia
953 3634 1097 3705 Arruntii,
1118 3638 1200 3718 siqua
1220 3638 1316 3695 edidit
1330 3682 1347 3706 „
1359 3637 1454 3697 desid.

451 3714 603 3774 Arruntius
623 3715 830 3792 (T)‚Orator,
842 3736 877 3775 ex
928 3717 986 3774 itus
1006 3712 1151 3796 patronus
1170 3738 1186 3774 a
1207 3718 1271 3777 CN.
1285 3719 1404 3782 Pisone,
1427 3708 1551 3778 rmehcii

410 3791 445 3849 in
464 3794 694 3865 Germanicum,
716 3812 830 3855 ueneno
849 3814 883 3854 su
903 3794 1015 3863 latum,
1034 3813 1183 3856 accusato.
1205 3795 1283 3853 Vide
1303 3798 1372 3854 Tac.
1394 3808 1468 3858 Ann.
1488 3793 1507 3849 1.
1523 3812 1548 3857 3·

451 3868 609 3941 Arrenius,
633 3875 688 3932 Vir
707 3874 828 3941 doctus,
851 3875 938 3935 uon.
967 3874 1041 3935 Ecel.
1065 3876 1235 3943 Diaconus,
1265 3889 1380 3935 morum
1410 3873 1547 3953 probitate

408 3946 553 4033 insignis,
572 3954 737 4017 suanno
758 3955 868 4033 Papae,
889 3970 922 4013 et·
937 3952 1049 4012 Theod.
1062 3956 1105 4013 M.
1116 3953 1232 4019 charus.
1251 3953 1437 4013 Theodosius
1458 3954 1484 4011 S.
1500 3951 1552 4007 oa-
1594 4034 1600 4043 ἱ

1639 463 1641 518 r

1639 533 1640 620 l

1639 741 1640 820 l

1639 825 1640 894 l
