3317 4817
422 352 521 468 “Spin
537 407 619 488 dibi.
632 406 666 467 de
685 407 858 485 Republica.
879 406 925 466 De
945 405 1086 483 Sallustio
1107 406 1203 488 vetius
1222 396 1285 471 dici
1306 400 1529 493 potest,'quam
1547 406 1582 469 de

422 492 488 549 CN.
498 493 639 573 Pompeio
650 490 661 565 (
672 490 750 571 quod
762 488 920 548 Sallustius
933 490 1027 549 dicere
1038 488 1147 549 solebat
1159 491 1185 568 ):
1198 491 1257 550 Ore
1272 492 1368 566 probo,
1384 492 1433 549 sed
1444 492 1539 548 anima
1549 490 1584 546 in:

370 614 373 625 .
420 573 574 631 uerecundo
591 570 699 649 fuisse.
712 572 752 633 Ut
774 571 858 629 enim
878 591 915 629 ex
936 572 1126 653 antiquorum
1142 573 1325 632 testimoniis
1335 591 1453 632 constat
1467 614 1476 636 ‚
1489 590 1582 651 parum

422 650 552 735 Sallustii
573 654 665 712 mores
684 673 751 713 cum
772 657 833 730 ejus
855 652 1030 732 praeclaris,
1050 671 1080 712 et
1095 655 1227 734 ¹optimis
1247 655 1405 714 sententiis
1424 652 1585 712 eonsentie-

423 731 511 791 bant.
533 733 661 793 Pessime
682 752 788 815 nempe
809 732 951 798 vivebat,
970 752 999 791 et
1021 735 1166 815 sapienter
1192 735 1386 815 loquebatur:
1407 743 1585 793 suos'mores

421 812 512 873 dictis
533 815 592 873 suis
612 815 828 875 condemnans.
850 809 969 897 ignoro,
991 815 1030 873 sit
1044 834 1080 873 ne
1094 812 1152 883 hic,
1174 835 1214 877 an
1232 820 1293 891 ejus
1313 836 1348 875 err
1372 833 1470 874 serore
1490 831 1586 952 Ἠῶ,

422 894 473 975 qui
487 896 625 975 sequitur,
647 913 745 955 auctor
758 894 875 976 Operis,
887 895 972 958 citati
992 916 1009 955 a
1030 893 1109 959 Rufo
1130 898 1217 957 Festo
1239 897 1357 957 Avieno
1369 896 1406 956 de
1420 896 1480 972 situ
1533 911 1585 950 aas

372 986 378 997 ‘
425 974 475 1031 rici
493 976 641 1051 aequatis,
658 977 738 1059 quod
759 975 852 1036 desid.

462 1052 620 1115 Sallustius
641 1056 652 1133 (
673 1058 793 1139 Crispus
814 1058 847 1135 )‚
867 1060 1011 1120 Historici
1032 1082 1067 1121 et
1089 1080 1183 1121 sorore
1205 1080 1316 1143 nepos,
1337 1075 1367 1120 et
1392 1056 1428 1117 ab
1460 1076 1498 1116 eo
1527 1053 1587 1114 ado-

424 1152 540 1219 ptatus.
562 1138 629 1197 Erat
650 1138 695 1197 vir
716 1138 880 1209 litteratus,
901 1142 974 1207 cui,
993 1160 1026 1203 ut
1046 1143 1088 1201 ait
1108 1146 1176 1204 Tac.
1190 1145 1211 1205 l.
1228 1165 1275 1213 14·
1292 1140 1366 1199 Ana.
1388 1142 1487 1198 inerat
1510 1137 1586 1218 vigor

426 1218 531 1287 animi,
543 1218 714 1299 ingentibus
735 1221 864 1302 negotiis
886 1242 952 1303 pat:
973 1242 1008 1281 eo
1028 1226 1138 1294 acrior,
1152 1245 1210 1305 quo
1231 1238 1425 1291 somnum,et
1447 1218 1584 1276 inertiam

426 1301 520 1381 magis
541 1300 712 1375 simulabat.
724 1300 869 1381 Tempore
881 1303 950 1362 belli
969 1304 1069 1365 civilis
1080 1327 1096 1363 a
1109 1305 1246 1385 Pompeii
1269 1303 1398 1384 partibus
1413 1300 1519 1359 stetit.
1539 1300 1586 1356 Po

422 1396 484 1440 stra
496 1400 563 1440 reto
575 1377 633 1441 fuit
645 1380 680 1439 ab
692 1383 766 1465 Aug.
782 1383 816 1440 in
829 1384 954 1461 primam
967 1383 1115 1447 cohortem
1125 1387 1230 1466 prioris
1250 1385 1443 1443 admissionis
1462 1379 1583 1439 conscri-

425 1476 493 1541 ptus
512 1480 579 1521 eum
601 1462 754 1531 Cocceiis,
775 1480 804 1521 ct
825 1462 971 1525 Duilliis.
993 1468 1038 1525 lta
1058 1470 1122 1525 Sen.
1137 1466 1173 1525 de
1198 1466 1283 1524 Clam.
1295 1465 1316 1521 l.
1340 1486 1365 1522 r.
1387 1482 1411 1521 c.
1434 1483 1447 1517 r
1454 1482 1482 1532 9.
1506 1460 1584 1518 Inte·

424 1542 473 1601 nit
495 1540 655 1611 metallum,
667 1541 873 1601 Sallustianum
894 1547 1024 1606 dictum.
1037 1548 1081 1607 Ita
1094 1548 1171 1607 Plin.
1187 1547 1234 1609 lib,
1251 1569 1298 1615 34.
1314 1544 1354 1603 H.
1366 1544 1405 1601 N.
1420 1562 1446 1603 c,
1458 1561 1487 1599 2.
1504 1538 1586 1599 Obiit

424 1622 493 1683 Tib.
506 1624 669 1705 imperante
685 1666 693 1682 .
712 1624 757 1685 Ita
778 1627 846 1685 Tac.
859 1627 880 1686 l.
895 1649 921 1684 a.
934 1629 1011 1686 Anu.
1027 1648 1051 1688 c.
1061 1637 1087 1687 ό.
1100 1629 1149 1686 Ad
1169 1646 1235 1686 eum
1256 1646 1300 1686 est
1320 1624 1441 1685 Horatii
1462 1621 1548 1685 Ode.

883 1710 1067 1769 Corollarium
1101 1708 1126 1765 1.
1208 1747 1210 1750 -

461 1786 592 1847 Salrancli
611 1809 673 1857 ars,
695 1808 766 1871 quae
786 1789 870 1849 valde
889 1792 1057 1850 eommunis
1077 1791 1155 1849 inter
1176 1789 1310 1847 nationes
1331 1805 1435 1844 omnes
1456 1782 1534 1852 fuit,
1553 1799 1583 1841 et

424 1866 519 1931 adhue
540 1886 583 1928 est
598 1914 605 1938 ,
627 1870 639 1947 (
660 1869 696 1929 de
716 1890 770 1951 qua
781 1871 859 1930 Cael.
872 1871 1002 1954 Rhodig.
1012 1870 1070 1931 late
1090 1871 1206 1929 disserit
1226 1870 1273 1927 lib.
1287 1889 1315 1929 s.
1329 1869 1395 1925 lect.
1406 1866 1498 1941 antiq.
1512 1884 1535 1923 c.
1545 1864 1594 1939 4.)·

418 1949 561 2010 illustrata
582 1948 772 2030 proculdubio
792 1948 851 2011 fuir
871 1953 1072 2012 Romanorum
1093 1951 1223 2031 Scriptis,
1245 1970 1260 2007 a
1281 1949 1386 2008 Mimis
1401 1944 1594 2027 praesertim.

420 2047 449 2091 et
471 2031 690 2101 Pantomimis‚
711 2049 744 2090 ut
771 2034 861 2091 etiam
886 2054 902 2091 a
921 2033 1075 2106 Saliaribus
1095 2029 1321 2090 Sacerdotibus.
1344 2028 1455 2086 Verum
1475 2026 1582 2105 Scripta

419 2113 542 2192 antiqua
552 2114 614 2172 Lat.
627 2112 664 2171 de
675 2111 726 2171 hac
747 2110 863 2172 ludicra
881 2130 941 2172 arte
961 2114 1041 2173 nulla
1061 2112 1097 2172 ad
1119 2130 1172 2171 nos
1185 2127 1377 2192 pervenerant
1389 2153 1398 2177 ‚
1412 2106 1496 2189 quod
1510 2108 1582 2187 equi·

422 2191 489 2251 dem
499 2192 1024 2253 sciam.Romaecelebrabanturolirn
1032 2191 1412 2255 GaditanaeSaltatrices‚et
1427 2188 1584 2248 Psaltriae.

462 2271 675 2343 Sammonicus,
698 2276 786 2332 Poeta
807 2276 926 2353 Lyricus
947 2271 1027 2338 fuir,
1047 2273 1240 2333 teste‘Setvio
1261 2272 1293 2329 in
1320 2270 1397 2348 Vtrg.
1415 2270 1509 2329 Varia
1528 2273 1585 2346 ejus

420 2352 512 2412 Curru.
524 2354 651 2412 citantur
671 2375 686 2413 a
705 2354 901 2425 Terentiano,
923 2348 1088 2423 Diomede,
1110 2370 1139 2413 et
1160 2354 1263 2414 Nonio
1282 2351 1521 2410 Grammaticis.

459 2432 651 2507 Sammonicus
672 2432 688 2509 (
705 2435 744 2513 Q.
757 2435 876 2494 Serenus
892 2440 929 2515 )‚
952 2436 997 2496 vir
1017 2436 1135 2495 doctiss.
1155 2432 1298 2516 Septimio
1318 2434 1580 2512 Severo-Imperat.

424 2514 570 2653 peipuam·
582 2512 671 2578 carus,
685 2533 714 2573 er
734 2516 846 2575 occisus
859 2519 892 2575 in
912 2534 1001 2577 coena
1013 2516 1049 2575 ab
1061 2517 1220 2576 Antonino
1232 2512 1391 2582 Caracalla,
1402 2515 1504 2573 Severi
1516 2509 1583 2580 filio,

423 2596 481 2657 Bib
493 2592 636 2655 iothecam
660 2593 780 2655 habebat
799 2599 1005 2657 continentem
1019 2606 1066 2658 62.
1080 2596 1175 2675 millia
1195 2596 1403 2663 Voluminum,
1415 2613 1506 2673 quarn
1527 2599 1585 2670 ejas

422 2674 592 2737 filiusdono
613 2675 696 2734 dedit
705 2676 858 2736 Gordiano
878 2679 1066 2759 Imperatori,
1086 2682 1168 2754 eujus
1188 2678 1324 2758 magister
1344 2672 1422 2735 fuir.
1437 2676 1494 2747 ¹lta
1507 2674 1585 2753 Capi·

425 2758 558 2839 solinus.
579 2758 699 2837 Scripsit
710 2754 886 2821 hexametris
899 2758 1027 2820 versibus
1040 2761 1073 2817 de
1094 2779 1122 2817 re
1141 2759 1265 2818 medicat
1286 2754 1366 2838 quod
1384 2754 1501 2824 suadet,
1513 2776 1583 2823 eum,

423 2858 454 2899 et
474 2838 593 2899 Poetam
610 2846 625 2909 ,'
639 2855 669 2899 et
689 2836 724 2897 in
744 2858 774 2899 te
795 2839 908 2900 medica
929 2842 1055 2922 peritum
1067 2836 1184 2921 [fuisse.
1207 2842 1336 2921 Ignoto,
1356 2855 1394 2895 an
1406 2835 1466 2894 alia
1489 2836 1583 2894 soluto

423 2938 558 2981 sermone
577 2920 614 2997 de
634 2918 780 2979 Medicina
800 2922 1079 3002 scripserit.l'oema
1099 2921 1136 2979 de
1156 2940 1185 2977 re
1203 2919 1308 2977 melica
1319 2958 1328 2983 ,
1339 2936 1408 2977 cum
1422 2918 1516 2975 Corn.
1530 2916 1588 2975 Cel·

420 3003 446 3063 si
468 3000 559 3059 Libris
578 3002 622 3058 dai
636 2998 780 3058 Medicina
800 3000 912 3062 editum
936 3002 970 3061 in
990 3003 1143 3070 editione,
1164 3021 1220 3082 qua
1248 3017 1337 3067 ntor,
1357 2998 1504 3057 mutilum
1525 3014 1585 3064 est,

422 3100 452 3143 er
473 3082 564 3141 multa
586 3076 786 3161 superstitiosa
806 3085 957 3142 eontinet.
980 3083 1047 3141 Alia
1069 3080 1237 3139 Sammonici
1257 3078 1365 3156 bajus,
1380 3075 1427 3141 rel
1448 3082 1514 3155 ejus
1533 3076 1585 3137 salii

402 3168 406 3175 '
422 3162 552 3242 ejusdem
573 3161 729 3235 nominis,
750 3180 779 3221 et
792 3163 1004 3246 cognominis,
1025 3161 1206 3239 Philalagica
1226 3180 1346 3241 nempe,
1360 3157 1513 3234 Physica,
1524 3158 1587 3216 Ma·

424 3244 575 3303 taciturna
587 3241 678 3301 desid.
691 3242 905 3302 Reconditorum
917 3246 989 3313 libri,
998 3246 1124 3302 Auctore
1130 3241 1313 3311 Sammonico,
1326 3242 1458 3300 citantur
1470 3261 1488 3299 a
1501 3244 1586 3299 Matr.

421 3324 443 3383 l.
459 3347 486 3393 3·
497 3322 630 3387 Satura..
650 3321 700 3381 ubi
721 3342 838 3382 tarmen
857 3325 986 3402 ejusdem
1007 3321 1142 3393 affertur,
1156 3344 1215 3405 quo
1226 3324 1281 3382 Dii
1302 3322 1427 3402 antiquo
1439 3322 1504 3383 ritu
1524 3341 1586 3381 ero·

421 3404 579 3473 rabuntur,
599 3421 630 3485 et
648 3422 707 3485 quo
728 3400 859 3464 hostium
880 3407 1016 3465 civitates
1037 3403 1164 3464 obsessae
1184 3404 1331 3485 devoveri·
1352 3402 1490 3480 solebant
1507 3448 1514 3460 .
1536 3392 1586 3461 Ve-

418 3506 484 3547 rum
505 3484 630 3545 forsitan
649 3484 793 3545 nonnulla
814 3506 850 3547 ert
871 3484 918 3548 his
938 3485 1105 3569 Operibus,
1127 3482 1200 3555 filii,
1222 3486 1280 3545 viti
1300 3484 1405 3555 docti,
1429 3504 1537 3557 erant,
1555 3500 1585 3550 ut

421 3585 505 3637 antea
526 3566 678 3626 indicari.
745 3608 749 3615 -
887 3621 891 3628 ,
1261 3638 1265 3643 ,

459 3646 721 3725 Samosarltaeus·(
737 3648 855 3710 Paullus
869 3648 916 3728 ),
938 3646 1145 3711 Antiochenus
1164 3644 1346 3716 Pasarracha,
1364 3647 1454 3707 omni
1486 3647 1587 3709 melete

420 3730 652 3791 contaminatus.
673 3730 743 3789 Fuit
754 3728 950 3800 sabellianus,
962 3749 991 3791 et
1004 3732 1092 3791 variis
1108 3731 1143 3791 in
1156 3729 1302 3791 conciliis
1322 3729 1501 3789 damnatos.
1515 3732 1586 3789 Catu

417 3811 571 3891 veritatem
591 3809 761 3901 amplexus,
783 3810 820 3871 ad
842 3812 990 3873 vomitum
1010 3812 1162 3876 rediisset:
1183 3833 1199 3872 a
1219 3810 1286 3871 sede
1304 3829 1356 3870 sua
1377 3809 1512 3887 dejemus
1531 3808 1587 3868 liris

418 3891 571 3951 Aureliani
591 3890 705 3955 ethnici
725 3893 862 3975 Imperat.
874 3895 1034 3975 jassu‚qui
1054 3889 1183 3955 taussim
1203 3896 1265 3967 ejus
1284 3891 1474 3962 commiserat
1500 3892 1584 3950 Rom.

419 3972 543 4041 Poat'S.
555 3971 767 4055 Dionysio,eo
787 3972 868 4059 quod
887 3972 1107 4037 musaraneus
1129 3969 1502 4035 SententiaeAntiocbeui
1514 3974 1587 4033 cia-
