3317 4817
128 466 134 480 ·
177 425 317 493 Cerelir‘a,
337 424 480 487 foemina
500 422 771 496 litterata,·landata
789 423 993 505 aCies-Ep‘r'st.
1008 429 1075 493 iai
1087 443 1117 488 et
1136 441 1184 485 tt:
1197 425 1218 486 h
1232 419 1289 496 ias,

127 511 173 567 ‚ad
191 508 284 566 Atric.
1219 563 1223 571 .

172 589 309 657 Cerellios
329 589 427 666 (Q),
446 586 502 646 Vir
523 587 624 670 plenus
644 587 721 646 varia
742 585 896 655 dontius,
924 589 995 648 vide
1017 589 1195 648 Censorinus.

173 671 330 735 curilianus
350 670 444 745 (rab.
456 670 468 744 )
481 713 489 738 ,
502 670 612 730 Histor.
632 668 751 748 Scripsit
772 668 958 729 solertissime
977 687 1108 749 tempora
1120 669 1239 741 Carini,
1252 685 1282 728 et

134 751 309 810 Numeriani
331 751 417 808 Rom.
439 751 664 832 Imperatorum.

174 829 338 898 cerinthus,
359 831 489 890 Simonis
508 829 591 912 Magi
607 826 785 911 discipulus.
807 827 937 912 Negabat
949 825 1059 889 Christi
1080 829 1280 890 divinitatem.

127 912 262 993 cogebat
285 909 470 972 Christianos
489 912 526 970 ad
546 910 684 970 servanda
704 909 803 991 legalia
824 909 980 977 Mosis,et
1001 910 1082 969 mille
1101 927 1193 970 annos
1216 927 1280 990 post

131 994 369 1050 resurrectionem
392 992 579 1072 pollicebatur
599 989 750 1049 sensilium
770 989 978 1070 voluptatum.
1001 991 1110 1053 Contra
1129 1008 1196 1050 eum
1209 993 1283 1068 dici·

98 1107 106 1117 ·
129 1090 177 1130 tat
197 1073 223 1129 S.
243 1072 374 1131 Ioannes
389 1092 473 1131 suum
494 1070 685 1154 Euangelium
706 1067 886 1128 lucubrasse.

175 1151 325 1220 Cesennia,
339 1150 385 1210 vel
404 1154 528 1211 Cescrma
547 1170 635 1220 utor,
656 1169 707 1209 aut
726 1150 819 1208 amica
840 1149 990 1218 Getuliti‚
1005 1151 1118 1228 Poetria
1133 1147 1224 1231 {quae
1237 1150 1281 1214 di·
1316 1163 1319 1171 '

134 1231 210 1292 citur
221 1231 391 1293 Getulicum
413 1235 447 1290 in
461 1231 621 1314 pangendis
632 1230 819 1290 Carminibus
838 1231 1000 1308 adjuvisse.
1015 1233 1060 1293 Ita
1071 1232 1171 1292 Sidon.
1183 1231 1281 1312 Apoll.

140 1313 175 1371 in
194 1311 289 1386 Epist.
309 1313 347 1371 ad
365 1314 562 1406 Hesperium.
678 1391 734 1451 CH
1111 1351 1114 1358 ,
1217 1377 1228 1408 a

175 1469 474 1540 Chalcidius,Christ.
493 1473 637 1553 Scriptus.
658 1470 762 1530 Edidit
782 1471 951 1533 comment.
974 1473 1009 1532 in
1032 1474 1187 1534 Timaeum
1208 1473 1282 1533 Plat.

135 1553 250 1610 dicatos
270 1554 345 1611 Osio
364 1554 480 1612 cuidam
495 1555 573 1628 ,cui
594 1550 737 1611 tribuebat
770 1555 972 1625 accuratiorem
1000 1573 1093 1614 rerum
1114 1555 1282 1614 divinarum

123 1634 278 1690 notitiam
301 1633 312 1708 (
333 1632 410 1692 hunc
452 1654 503 1711 uto
523 1631 610 1693 fuisse
630 1631 887 1694 Hosium'i'atrem
908 1635 1021 1694 Concil.
1042 1635 1154 1695 dictum
1169 1641 1185 1713 )
1200 1677 1207 1692 .
1223 1633 1289 1694 Flo-

141 1711 221 1772 rebat
240 1713 316 1773 circa
336 1727 382 1772 an'.
403 1655 515 1773 christi
540 1736 603 1790 330.
749 1768 751 1771 .

185 1791 326 1849 Charicles
337 1837 344 1860 ‚
355 1800 443 1852 notus‘
456 1796 566 1854 Romae
578 1792 712 1852 Medicus
731 1791 784 1850 sub
794 1791 916 1852 Tiberio
927 1832 935 1857 ‚
947 1797 1028 1871 cujus
1041 1795 1202 1872 proximam
1214 1809 1290 1852 mor·

140 1878 285 1947 remeius
298 1874 411 1952 pulsum
425 1873 640 1950 dissimulanter
661 1888 786 1940 tentans,
795 1875 953 1956 cognovit.
968 1875 1012 1932 lta
1022 1878 1088 1934 Tac.
1101 1875 1148 1932 lib.
1162 1883 1188 1932 o.
1202 1873 1289 1945 Arm,
1348 1874 1351 1881 '

141 1971 172 2010 et
191 1955 269 2009 Suet.
292 1955 325 2010 in
350 1953 461 2012 Tiberio
480 1974 503 2012 c.
526 1971 572 2015 ra.
1120 1967 1121 1970 ’

181 2032 326 2089 Charisius
347 2032 364 2108 (
379 2034 459 2092 Flav.
471 2035 614 2113 Sosipater
634 2034 665 2108 ),
686 2028 870 2092 Christianus
889 2032 1027 2114 antiquus
1050 2033 1211 2095 Grammat.
1224 2031 1293 2092 Edi·

138 2110 186 2170 dit
208 2112 288 2185 Opus
309 2107 483 2193 inscriptum
503 2114 713 2172 institutionum
736 2107 985 2174 Grammaticorum
1006 2114 1043 2173 ad
1063 2115 1172 2172 Filium
1202 2113 1293 2172 Libris

141 2212 187 2255 s.‚
207 2194 259 2270 qui
280 2194 389 2275 integri
408 2195 445 2252 ad
467 2212 520 2252 nos
541 2213 602 2253 non
623 2210 833 2273 pervenerunt.
856 2197 971 2252 Desunt
992 2213 1115 2273 namque
1143 2193 1291 2252 'nonnulla

138 2276 174 2329 ex
207 2271 255 2329 iii.
279 2295 324 2342 r.,
345 2295 375 2332 er
407 2294 433 2334 s.
454 2276 574 2354 Scripsit
598 2277 688 2332 eriam
710 2271 903 2331 Bacchanalia
923 2317 931 2341 ‚
951 2290 981 2332 et
1007 2274 1194 2351 Vulcanum,
1219 2280 1290 2354 quae

139 2351 344 2412 desidimus
374 2352 539 2413 Parrhasius
558 2354 667 2412 (licitur
689 2355 799 2433 primus
820 2353 975 2412 Charisium
996 2355 1143 2422 edidisse,
1165 2373 1194 2413 et
1222 2370 1290 2413 aunt

139 2432 191 2510 qui
213 2431 332 2500 dieunt,
345 2435 440 2512 Opera
460 2454 532 2514 quae
551 2432 605 2492 sub
617 2434 765 2491 Diomedis
786 2435 917 2500 nomine,
929 2431 1090 2495 Athanasio
1109 2434 1235 2500 cuidant,
1244 2435 1296 2492 Vi·

144 2530 177 2568 ro
196 2511 347 2592 eloquenti
368 2516 471 2580 dicata,
492 2531 629 2578 exstant,
650 2512 769 2572 Charisii
788 2512 875 2590 hujus
893 2535 970 2573 esse.
1253 2580 1256 2586 ¹

183 2589 329 2650 Charisius
347 2593 359 2668 <
380 2595 477 2654 Aurei.
492 2595 653 2667 Arcadius)
666 2593 916 2669 ‚iurisconsultus
938 2593 1114 2656 libellorum
1134 2595 1293 2676 Magister,

145 2669 181 2729 ad
199 2691 288 2751 quent
309 2674 418 2744 Catus,
440 2677 580 2742 Carinus,
600 2695 630 2732 et
650 2677 846 2734 Numerianus
867 2677 1053 2754 Imperatores
1074 2677 1109 2733 de
1127 2675 1293 2732 -Calumniae

140 2769 230 2825 mena
239 2755 444 2832 rescripserunt
454 2774 500 2814 an.
513 2772 577 2834 post
586 2754 736 2814 Christum
760 2763 826 2830 283:
838 2755 874 2811 V.
890 2758 923 2814 C.
938 2775 1022 2831 1034.
1035 2756 1088 2813 Ille
1100 2775 1181 2834 saepe
1192 2755 1293 2813 Mode-

144 2830 258 2891 stinum
278 2834 350 2891 citat
371 2835 404 2911 in
427 2834 508 2893 lrbtis
526 2834 606 2892 suis.
628 2837 697 2912 Ejus
711 2837 806 2914 Opera
826 2831 910 2893 sunt:
924 2835 974 2892 Dc
991 2836 1145 2892 muneribus
1165 2835 1294 2892 ciuilibus

143 2910 191 2970 lib.
208 2911 321 2988 Singul.
335 2913 385 2970 De
406 2911 503 2992 Officio
523 2912 716 2991 Pracfipraet.
740 2916 788 2974 lib.
806 2913 917 2992 Singul.
937 2915 988 2973 Dc
1011 2913 1233 2972 retributurus
1262 2915 1294 2972 lr'.

144 2989 192 3048 ber
207 2990 338 3068 Siagul„
359 2996 411 3073 qui
430 2996 497 3054 libri
518 2995 551 3053 in
572 2995 726 3055 Pandectis
744 2996 892 3054 citantur.
913 2995 1047 3072 Cujacius
1067 3001 1142 3054 eum'
1155 2993 1294 3054 Christia-

44 3132 56 3150 ·
145 3087 217 3130 num
239 3074 365 3152 putarit,
385 3074 468 3133 illum
490 3071 611 3133 forsitan
630 3095 697 3134 cum
718 3073 994 3136 CharisioGramm.
1009 3073 1211 3136 confundens.

185 3151 340 3220 Charmis,
361 3154 579 3222 Massiliensis,
600 3155 733 3214 Medicus
766 3151 898 3219 nomae.
916 3157 1022 3216 citatus
1049 3177 1064 3216 a
1094 3157 1170 3214 Plin.
1192 3155 1231 3212 H.
1253 3155 1292 3216 N.
1347 3179 1355 3186 ·

146 3231 225 3300 tua.
238 3252 262 3294 c.
278 3253 320 3298 t..
333 3234 432 3312 quide
444 3254 479 3292 eo
498 3236 549 3304 ait,
561 3253 645 3294 usum
666 3232 753 3295 fuisse
773 3237 807 3295 in
827 3238 1026 3296 curationibus
1047 3235 1156 3297 balneis
1176 3233 1293 3320 frigidis

151 3313 251 3370 Musae
272 3313 428 3392 exemplo.
1176 3375 1178 3378 ,

190 3390 326 3461 Charus,
346 3395 401 3452 Vir
430 3393 560 3453 eruditus
580 3437 587 3453 .
605 3395 658 3453 hd
689 3416 756 3455 eum
788 3414 858 3456 sunt
887 3395 994 3456 Ovidii
1015 3396 1146 3471 Epion,
1169 3412 1203 3454 ex
1235 3396 1297 3476 qui·

149 3468 201 3529 bas
212 3471 376 3610 {pllppituri
386 3492 456 3532 eum
468 3493 608 3555 nepotum
622 3476 749 3560 Augusti
761 3477 967 3562 Institutorem
978 3473 1080 3536 fuisse.
1095 3477 1213 3558 Scripsit
1225 3477 1297 3538 Pot-

150 3569 196 3606 ma
300 3572 361 3609 ertu
376 3574 409 3610 e.

191 3630 344 3708 Charysius
364 3633 565 3712 (·Dioclcs),·
578 3632 699 3705 Rhetor,
717 3640 800 3713 cujus
821 3636 960 3702 meminit
979 3639 1022 3697 M.
1036 3637 1145 3718 semin
1167 3635 1295 3699 Commo.

193 3709 325 3780 Chemia,
347 3713 443 3794 Vulgo
464 3713 624 3774 Alchimia.
645 3717 723 3778 Vide
744 3719 856 3794 Appiort
875 3721 909 3778 in
929 3730 975 3781 A.
1050 3779 1062 3794 „
1115 3719 1126 3742 ²
1219 3723 1223 3730 ’

194 3790 366 3850 Chromatius
377 3837 385 3861 ‚
395 3793 547 3874 Aquilejae
568 3796 691 3868 Praesul,
712 3802 865 3860 sanctitate
879 3844 887 3867 ‚
903 3816 934 3858 ct
956 3797 1087 3856 doctrina
1106 3795 1213 3874 clarus‚
1226 3813 1301 3858 teste

154 3868 181 3926 8.
194 3871 335 3940 Hieron..
354 3876 407 3953 qui
427 3875 482 3942 ait,
503 3876 648 3956 scripsisse
670 3879 819 3941 Commeat.
833 3881 868 3939 in
879 3879 911 3940 S.
932 3877 1078 3938 Matthaei
1097 3877 1210 3960 Euerg.
1232 3879 1255 3938 F
1257 3880 1303 3940 uit

157 3951 185 4010 S.
196 3952 333 4025 Hierum,
353 3956 429 4015 etS.
442 3952 591 4020 Ambrosii
609 3961 739 4022 amicus.

1074 4059 1138 4101 me
