3317 4817
410 356 471 506 ptri
481 351 597 495 blattis,
616 403 693 486 enm
705 415 801 482 rhum
822 413 1038 490 almissimam,
1056 433 1087 481 et
1106 399 1301 484 lotthdmum
1321 420 1389 484 ear.
1403 421 1546 504 appellit}

459 508 593 569 Geminus
612 503 627 580 (
636 503 778 565 Fanusins
789 500 821 576 ),
843 502 939 564 nist..
957 503 1063 561 citatus
1081 523 1098 560 a
1117 505 1182 565 Seru
1194 501 1249 580 Ep.
1264 523 1333 576 94..
1350 520 1382 563 et
1398 524 1415 564 a
1430 507 1510 564 Suet
1527 506 1563 568 in

422 586 490 648 Vita
512 587 543 649 C.
559 585 686 646 Caesaris
706 601 730 640 c.
747 601 774 653 a.
787 581 856 656 Ejus
876 579 1023 640 Historiae
1041 581 1134 642 desid
1411 634 1414 639 .

338 714 340 717 .
454 669 591 728 vGenrinus
611 665 622 742 (
644 661 737 725 Rutil.
750 662 778 740 ),
799 662 914 742 scripsit
934 661 1000 724 libb.
1012 661 1216 743 Pontiicalen
1235 665 1287 745 qni
1307 683 1372 726 non
1390 681 1523 726 exuant.
1547 695 1550 700 ¹

422 788 426 796 -
458 748 591 808 Geminus
610 743 770 822 (Varius.)
782 784 790 811 ,
801 743 908 803 citatur
920 784 928 810 ,
942 759 976 802 nt
994 740 1114 814 Rhetor,
1135 765 1152 804 a
1170 747 1214 804 Μ.
1227 747 1292 804 Scn.
1302 747 1337 804 in
1349 744 1505 806 Suasoriis.
1517 747 1564 805 De

418 849 453 890 eo
475 846 578 897 narrat,
600 824 809 885 declamantem
829 842 924 884 coram
947 823 981 884 G.
994 825 1017 882 J.
1030 825 1213 885 Caratacum
1237 825 1503 910 potit02elegantcr
1521 826 1567 886 di·

415 912 507 974 xisse:
530 909 651 976 Caesar,
671 905 719 981 qui
739 903 813 979 apud
838 921 865 962 te
891 904 994 962 audent
1013 906 1122 976 dicere,
1142 906 1360 983 magnitudinem
1385 923 1463 964 tuam
1488 907 1565 983 igna-

363 1002 365 1006 ’
414 1007 497 1054 tant:
516 989 564 1067 qui
584 1005 638 1045 non
657 983 1009 1075 ardenniamanitatem:
1031 985 1144 1045 dictum
1165 984 1411 1065 pulcherrimum,
1430 985 1481 1046 sed
1499 987 1566 1048 adu·
1605 1003 1610 1011 ’

414 1071 526 1130 latione
546 1062 917 1130 admistum.lnSuasatia
938 1065 1081 1128 s-citatnr
1101 1087 1117 1126 a
1136 1069 1269 1146 Semejus
1288 1065 1489 1134 Declamatio,
1508 1085 1567 1147 qna

414 1149 552 1212 Ciceroni
572 1147 732 1229 proscripto
752 1139 850 1227 fugam
871 1143 985 1213 suadet,
1007 1161 1044 1204 ne
1064 1164 1080 1206 a
1099 1147 1142 1206 M.
1159 1150 1232 1205 Ant.
1244 1146 1441 1206 occideretur.
1463 1149 1508 1207 De
1526 1164 1563 1206 oo

411 1229 591 1290 declamante
610 1225 702 1302 ajebat
722 1227 840 1311 Cassius
858 1227 994 1285 Severm:
1014 1226 1089 1286 alios
1108 1226 1280 1289 declamasse
1297 1251 1305 1293 ς
1332 1225 1446 1285 Varium
1465 1243 1564 1287 antem

416 1309 562 1370 Geminum
583 1307 685 1368 vivum
706 1308 864 1368 consiliunt
885 1307 1023 1366 Ciceroni
1039 1306 1177 1366 dedisse.

334 1399 335 1402 ’
457 1389 638 1456 Gennadius,
660 1387 764 1448 Orator
785 1389 897 1450 Romae
916 1385 1043 1458 nobilis,
1061 1388 1235 1470 Qnsnntii
1255 1388 1384 1453 crearis
1403 1407 1494 1450 aeto.
1516 1389 1563 1450 ita

414 1471 443 1532 S.
460 1472 681 1553 Hieronymus.
1366 1472 1369 1478 '
1509 1488 1512 1491 ·

498 1573 502 1578 ’
782 1595 785 1600 ·
867 1552 1050 1616 Corollatiurn
1071 1552 1134 1613 ll..

413 1677 420 1686 .
460 1631 633 1713 Geagraplti.
647 1633 816 1696 Verisimile
836 1635 999 1716 est‚plnres
1018 1637 1169 1696 Romanos
1187 1633 1334 1715 antiquos,
1344 1650 1455 1714 praeter
1473 1631 1571 1692 nomi·

414 1730 500 1776 natos
519 1718 555 1775 in-
573 1714 627 1774 hoc
647 1713 777 1792 Syllaba,
799 1715 837 1774 de
850 1715 1084 1791 cosmographia,
1107 1714 1303 1792 Geograpltia,
1316 1734 1346 1774 et
1371 1713 1569 1791 Topagraphiae

416 1797 583 1877 scripsisse,
605 1810 726 1876 quorum
748 1800 844 1877 Opera
864 1795 957 1854 desid.
969 1799 1030 1856 Nec
1050 1798 1150 1856 minus
1170 1796 1330 1855 verisimile
1348 1795 1487 1858 arbitron
1509 1794 1573 1874 plu·

415 1895 459 1937 tts
480 1873 587 1944 luisse,
608 1876 659 1956 qui
680 1875 867 1961 Gcographos
888 1878 1034 1943 Graecos,
1053 1891 1084 1936 et
1102 1877 1222 1937 aliarum
1243 1876 1419 1940 nationum,
1437 1875 1473 1934 in
1493 1873 1573 1933 Lati·

415 1975 489 2018 uum
510 1955 659 2023 verterint,
681 1975 803 2036 qnorum
823 1956 965 2014 Versiones
982 1956 1102 2016 Latinae
1119 1957 1256 2036 antiquae
1276 1955 1508 2016 interciderunt:
1527 1957 1574 2012 in·

415 2051 459 2094 ter
480 2056 549 2116 quas
570 2039 713 2095 numerari
730 2053 855 2122 possunt
875 2035 1045 2106 Strabonis,
1067 2055 1098 2096 ct
1117 2035 1276 2098 Ptolemaei
1295 2038 1425 2116 Operum
1447 2037 1574 2118 Geogta-

415 2113 568 2195 phicorum
589 2117 709 2176 Latinae
730 2120 890 2178 versiones.
911 2119 957 2176 De
968 2119 1126 2178 -Pristiano
1146 2118 1300 2186 nouimus,
1312 2116 1346 2175 in
1357 2117 1500 2176 Latinum
1511 2135 1573 2175 vet·

416 2197 486 2256 risse
505 2197 647 2276 Dionysii
667 2195 733 2258 Afri
755 2197 970 2278 Geagraphiatn,
991 2195 1164 2259 hexametris
1184 2198 1306 2259 Graccis
1323 2196 1520 2258 lucubratam.

771 2309 773 2312 ·
860 2279 1042 2344 Corollariuta
1063 2279 1124 2338 111.

457 2354 620 2414 Geometras
650 2357 778 2419 Romani
805 2361 921 2440 antiqui
943 2361 1025 2441 pauci
1046 2377 1250 2430 numerantur,
1263 2351 1321 2440 vqui
1342 2356 1492 2438 Operibus
1512 2359 1577 2419 suis·

417 2439 533 2500 Latinis
555 2438 738 2500 Geometriarn
759 2441 948 2500 illustrarint.
969 2441 1067 2501 Plures
1087 2458 1186 2500 tamen
1206 2438 1294 2515 fuisse
1313 2440 1583 2519 crediderim,qui-

415 2521 548 2594 Graecos¹
572 2518 763 2590 Geometras,
785 2520 961 2591 Euclidem,
979 2517 1214 2590 Archimedem,
1236 2519 1412 2588 Arabicam,
1441 2519 1576 2580 Platonis

414 2599 608 2680 magistrum,
628 2601 818 2674 Dicearclrum
838 2603 966 2675 Siculum
983 2648 991 2671 ,
1012 2603 1167 2664 Eudoxum
1194 2602 1364 2669 Gnidium,
1385 2600 1415 2658 'et
1443 2599 1521 2660 alios
1544 2601 1578 2660 in

415 2681 556 2740 Latinum
577 2698 741 2743 verterunt.
761 2685 823 2743 Hae
844 2702 939 2742 autem
960 2683 1101 2743 Versianes
1121 2684 1253 2758 antiquae
1272 2681 1363 2740 desid.
1386 2680 1472 2740 Plato
1494 2682 1581 2764 igna-

414 2777 481 2821 rum
492 2763 677 2839 Geometr'iae
697 2765 730 2822 in
751 2760 878 2822 scholam
899 2784 979 2824 snam
1001 2782 1062 2822 non
1082 2762 1272 2833 admittebat.
1286 2761 1577 2841 Geometriae,quam

331 2871 333 2876 ·
416 2842 505 2902 multi
525 2843 680 2925 Aegyptiis
700 2843 796 2904 deberi
819 2843 1048 2925 purant,laudes
1068 2846 1246 2926 persequitm
1267 2843 1383 2902 Caelius
1401 2840 1537 2926 Rhodig.
1558 2843 1578 2900 l.

328 2993 330 3000 y
410 2943 447 2996 .7.
459 2944 481 2984 c.
494 2944 540 2992 3⁰·
553 2923 616 2980 lect.
629 2941 687 2982 ant.
697 2925 763 2988 ‚ubi
785 2925 820 2984 de
840 2923 1042 2998 Philosophia.
1055 2930 1082 2982 Α
1093 2923 1264 3007 Pythagora,
1284 2924 1323 2981 ob
1343 2925 1501 2983 inuentam
1523 2943 1580 2984 asc

414 3001 645 3084 'Hypothenusac
663 3005 952 3066 Demonstrationem
973 3005 1198 3072 Geometticam,
1211 3003 1410 3063 Hecatomben
1425 3003 1526 3066 Musis
1545 3002 1581 3064 fa·

418 3103 514 3151 etam,
534 3081 580 3140 vel
601 3086 782 3163 promissam,
796 3083 958 3146 fabulosum
979 3088 1118 3146 existimo
1128 3110 1137 3151 ;
1149 3105 1215 3146 cum
1227 3082 1445 3166 ejusdogmati
1464 3083 1579 3146 deuon

418 3163 591 3224 occidendis
610 3163 993 3226 animantibusadversetut
1007 3193 1021 3226 .·
1197 3223 1200 3227 ,
1261 3229 1263 3233 ,

460 3243 656 3317 Gennanietts,
677 3245 778 3306 Caesar
791 3290 798 3316 ,
810 3248 900 3306 Drusi
920 3244 968 3313 fil,
983 3244 1082 3310 Poeta,
1095 3249 1200 3306 Orator
1214 3263 1262 3314 ,et
1280 3244 1405 3304 militari
1427 3244 1518 3305 lande
1531 3246 1584 3306 cte·

418 3345 483 3388 r-ns.
504 3324 608 3384 Edidit
629 3329 742 3386 Potina·
756 3325 798 3385 dc·
812 3327 895 3405 Equo
916 3328 1043 3404 Augusti
1054 3349 1090 3392 ,a
1109 3328 1213 3392 Plinio
1232 3327 1312 3388 Hist.
1332 3324 1534 3385 celebratum.
1548 3329 1584 3385 In

394 3404 641 3468 *ainaihun
661 3406 831 3470 Orid.eum
846 3433 857 3477 ,⁴
870 3426 902 3467 nt
923 3429 938 3466 e
957 3410 1068 3491 regium
1090 3411 1211 3467 Poctam
1232 3407 1329 3466 laudat
1342 3407 1437 3481 Epist.
1449 3409 1490 3464 ari
1509 3405 1583 3464 Suil-

416 3488 501 3550 lium.
521 3487 560 3546 Ei
578 3483 689 3548 dicarit
702 3487 799 3550 maid.
811 3490 897 3547 libros
918 3428 1084 3547 sistorum.
1106 3491 1249 3556 Aratum,
1264 3489 1391 3546 Poetam
1411 3487 1579 3553 Graccum,

422 3591 452 3630 ct
473 3572 684 3628 antonomum
707 3569 741 3626 in
762 3570 899 3628 Latinum
922 3569 1051 3628 versibus
1070 3569 1242 3636 transtulit,
1262 3587 1388 3648 quornm
1417 3567 1583 3625 nonnullos

363 3668 365 3672 ·
401 3646 495 3711 ¹Lact.
508 3643 589 3708 affert
601 3653 622 3707 l.
637 3671 661 3707 1.
675 3649 776 3708 Dinia.
791 3651 885 3709 instit.
897 3651 1070 3710 Versioncm
1083 3648 1158 3709 hanc
1170 3649 1314 3730 integram
1335 3665 1398 3706 non
1418 3644 1582 3709 habemus.

417 3749 463 3868 pty
485 3749 576 3866 nepus
597 3729 841 3870 pfgmiwlliff
862 3731 998 3868 Latinass
1015 3727 1373 3869 yersiloryemssennalniea
1383 3725 1530 3786 tribuitur
1539 3746 1582 3868 cli·

428 3830 491 3867 ere
536 3829 609 3886 pugn
642 3833 656 3870 e
698 3831 765 3869 neto
834 3831 948 3875 racem
999 3829 1067 3868 ero
1098 3827 1264 3876 uente‚et
1292 3827 1341 3868 en
1410 3828 1458 3867 em
1483 3825 1536 3878 to,
1573 3840 1583 3853 ·

417 3906 464 3950 tet
483 3909 500 3948 a
520 3833 724 3952 nonnullispC.
737 3891 884 3953 sulem.
901 3888 1187 3953 illud‘adscribatur.
1206 3889 1254 3950 En
1274 3827 1409 3949 illudper
1459 3825 1483 3890 Ρ
