3317 4817
89 388 149 455 que
167 360 356 431 obmmir‘tn
380 378 404 450 ι’.
419 362 518 437 Orbis
529 359 659 454 partibas
669 418 679 443 ,
691 368 732 431 ob
749 300 1241 443 tetoseomlstdsmtrotifdim

89 451 278 536 triumphos.
299 455 327 512 A
346 454 448 513 Tullio
468 459 530 532 ejus
550 454 576 512 el
636 456 719 513 entia
735 458 959 517 commendatur
979 458 1013 515 in
1027 457 1248 533 Epistulam

89 539 185 595 tulum
205 535 354 606 lil.1.‚et
373 537 408 593 iu
429 536 511 593 Orat.
528 554 580 610 pro
630 580 637 594 .
659 535 740 596 Com.
761 535 876 609 Balbo,
897 556 1028 619 proquo
1048 556 1116 599 ante
1136 538 1250 611 Ciceros

89 636 161 675 nem
183 616 343 675 Oratiomm
365 619 523 697 Pompejus
543 613 699 687 habuerat,
719 637 806 699 quam
828 621 932 679 Cicero
952 621 1035 679 mitis
1057 620 1193 702 laudibus
1204 624 1249 679 or·'

87 712 143 757 stat
156 741 164 767 ,
179 699 322 757 ucetiam
343 699 469 779 Pompei
490 700 647 781 singulares
669 701 793 759 virtutes
804 714 858 769 ,'et·
876 722 921 761 ros
939 719 1032 784 gestas
1043 746 1051 761 .
1063 704 1110 760 De
1123 721 1159 761 eo
1169 719 1252 761 oran.

88 794 130 849 te,
150 778 327 838 elamoribus
345 780 629 860 operarumctodsi,
644 779 809 844 maledictis
827 784 919 842 otiam
933 804 983 847 ‚ac
1002 782 1253 843 conviciis-laess-

88 860 172 923 siro,
189 861 258 935 tide
277 862 341 921 Cic.
361 861 455 935 Epist.
477 882 504 929 3·
526 862 624 919 rim.
645 860 683 920 ad
703 862 742 940 Q.
752 863 910 929 fratrem.
932 866 970 923 In
990 864 1076 921 Dial.
1095 866 1128 921 le
1150 863 1246 925 orate.
1323 893 1325 897 v

84 940 209 1022 legitur,
233 941 295 1000 CN.
315 940 414 1017 Pomp.
436 960 498 1000 non
518 941 612 1002 modo
631 937 757 1013 vitibus,
772 960 803 1002 et
822 947 926 1014 armis,
941 944 990 1005 sed
1010 945 1109 1005 etiam·
1122 946 1252 1027 ingenio

90 1022 238 1082 valuisse.
271 1023 336 1082 Val.
356 1024 436 1083 Mat.
457 1023 478 1082 l.
500 1031 527 1081 ό.
548 1042 572 1083 c.
594 1042 622 1081 a.
644 1024 681 1082 dc
708 1042 744 1082 eo
774 1042 896 1093 narrate
916 1024 1086 1100 defendisse
1095 1027 1252 1088 Manium·

88 1104 247 1188 Crispum,
266 1123 430 1165 accusatum
452 1124 468 1163 a
483 1105 608 1164 Pisone.
631 1102 746 1164 Ibidem
766 1102 861 1177 refert,
875 1107 966 1167 multa
978 1106 1109 1168 convica
1121 1110 1155 1166 in
1168 1126 1247 1179 eum,
1340 1116 1343 1122 '

91 1182 302 1245 defendentem
324 1185 469 1245 Libonem
489 1186 576 1245 dicta
589 1185 626 1244 ab
646 1185 734 1245 Aelio
754 1188 873 1249 Mancia
893 1208 1069 1250 accusatore.
1090 1189 1169 1247 Vide
1180 1188 1254 1246 For.

89 1266 202 1325 mianus
223 1268 255 1325 in
277 1266 312 1324 F.
333 1268 380 1325 De
400 1266 494 1326 nimia
515 1266 578 1325 CN.
598 1266 698 1342 Pomp.
720 1269 855 1347 potentia
875 1268 1010 1329 ibidem.
1033 1271 1113 1328 Inter
1132 1272 1248 1351 Fragm.

83 1346 185 1406 Histr.
203 1346 339 1406 Sallustii
360 1349 465 1430 legitur
477 1346 577 1423 Pomp.
591 1348 723 1423 Epistola
742 1348 780 1408 ad
798 1352 936 1411 Senatum
949 1351 1143 1432 exHispania,
1157 1370 1252 1431 quam·

85 1426 203 1488 Procas.
214 1429 437 1513 regebat,'misss
448 1472 458 1497 ,
470 1446 526 1509 qua
539 1429 622 1509 *petit
643 1448 695 1510 pro
708 1432 860 1501 exercitu,
873 1439 955 1505 eujus
975 1431 1034 1491 dux
1053 1450 1129 1496 erat,
1144 1450 1246 1501 vertes,

83 1508 234 1589 stipendia
247 1556 255 1579 ,
267 1527 297 1570 et
318 1507 499 1569 frumentum
513 1532 520 1567 r
540 1510 696 1591 alioquin,
710 1512 820 1571 omisso
840 1513 1087 1592 periculosissimo
1107 1511 1203 1582 bello,
1216 1532 1246 1579 se

81 1591 117 1649 in
141 1591 256 1651 ltaliam
277 1592 499 1673 remigra'tutum
519 1590 701 1651 denunciat.
729 1593 776 1650 De
793 1596 857 1669 ejus
877 1595 911 1652 in
931 1595 1090 1676 Tigranem
1112 1592 1247 1653 Clemen·

82 1672 127 1730 tia
143 1717 150 1740 ,
172 1690 202 1731 et
223 1670 336 1731 infelici
359 1688 454 1731 morte
468 1716 475 1741 ,
490 1688 563 1751 quae
579 1672 690 1730 accidit
708 1688 777 1730 ante
787 1672 942 1733 Christum·
953 1693 1000 1733 an.
1015 1696 1062 1745 44.
1078 1674 1113 1733 U.
1128 1674 1162 1732 C.
1171 1682 1241 1745 706,

78 1752 186 1811 aetatis
210 1775 262 1826 59,
276 1754 394 1813 consule
415 1753 494 1811 Hier.
507 1754 595 1812 Rom.
610 1754 688 1811 Vide
699 1749 885 1814 Mithridates
906 1756 939 1813 in
951 1754 998 1811 M.
1016 1754 1175 1835 Epistulas,
1196 1754 1248 1813 dc·

83 1834 168 1891 vieto
189 1836 294 1914 Pomp.
307 1836 341 1893 in
362 1852 459 1917 pugna
477 1832 601 1901 Phara,
621 1850 652 1892 et
672 1851 772 1915 postea
791 1836 906 1905 occiso,
927 1836 1108 1895 intentatio
1123 1833 1250 1909 Pompei

82 1914 212 1985 seriniis,
233 1917 299 1998 igni
319 1916 442 1975 tradidit
455 1914 489 1973 C.
502 1915 527 1972 J.
539 1918 640 1975 Caesar
660 1916 777 1984 victor,
798 1918 939 1999 quintas
961 1916 1080 1999 legeret.
1101 1918 1146 1975 Ita
1166 1916 1246 1974 Plin.

82 1995 126 2053 H.
152 1995 192 2054 N.
213 1998 234 2055 l.
263 2018 290 2059 7.
315 2016 340 2055 e.
363 2019 410 2070 ²5·
431 1997 534 2055 Cicero
553 1995 590 2053 de
609 2015 645 2054 eo
664 1998 722 2073 jam
745 2008 865 2057 mortuo¹
882 1999 926 2057 ait
945 1996 979 2055 in
999 1996 1115 2055 Bruto:
1141 1996 1193 2055 Vir
1209 1996 1250 2055 aa

86 2076 182 2133 omnia
203 2095 309 2135 summa
330 2094 430 2145 tatus,
451 2078 581 2155 majorem
601 2078 707 2135 liceum
726 2079 846 2154 gloriam
867 2076 1023 2147 habuisset,
1038 2078 1091 2137 uisi
1105 2096 1166 2136 eum
1185 2096 1246 2135 ma·

75 2157 152 2235 joris
179 2159 289 2235 gloriae
316 2158 454 2235 cupiditas
473 2159 511 2215 al
530 2155 647 2221 bellicas
665 2158 765 2215 laudes
784 2160 989 2221 abstraxisset.
1017 2160 1086 2219 Fuit
1115 2159 1268 2253 primus,⁵

82 2238 139 2319 qui
160 2238 271 2298 Romae
292 2258 326 2297 ex
347 2239 490 2320 quadrato.
508 2237 604 2317 lapide
623 2236 768 2299 theatrum
789 2242 970 2313 construxit,
992 2258 1081 2321 capax
1104 2260 1151 2311 40.
1175 2239 1238 2299 mil.

83 2337 301 2399 spectatorum.
321 2322 425 2382 Cicero
446 2320 481 2377 in
501 2319 606 2394 Epistt.
627 2320 665 2379 ad
685 2321 822 2381 Atticum
852 2322 927 2380 male
954 2324 1104 2381 ominatur
1123 2320 1159 2379 de
1180 2324 1248 2398 ejus·

76 2398 320 2470 dominatione,
342 2402 367 2461 si
388 2402 482 2459 victor
502 2401 639 2460 erasisset
652 2397 693 2459 'in
713 2401 799 2462 Bello
822 2402 931 2471 Ciuili,
952 2423 1038 2543 spiam
1059 2402 1242 2481 tyrannicam

75 2477 209 2540 futuram
230 2481 400 2551 arbitratur,
420 2499 451 2540 et
470 2481 601 2561 Syllanae
620 2482 767 2541 similem:
787 2462 958 2565 quoduebe
979 2500 1008 2543 at
1029 2503 1094 2543 eum
1116 2502 1132 2541 a
1153 2476 1241 2541 Pom·¹

76 2565 149 2643 pejo
169 2561 329 2623 retrahere.
362 2560 592 2627 Nihilominus,
611 2580 649 2621 ne
667 2564 800 2647 ingratus
820 2564 985 2629 videretur,
1006 2568 1067 2642 ejus
1087 2563 1251 2623 conatibus*
1273 2596 1275 2599 ·

74 2648 181 2703 eontra
200 2642 366 2713 Caesarem,
388 2664 456 2725 paee
475 2640 578 2703 frustra
598 2660 720 2720 tentate,
742 2642 912 2715 fatit,licet
933 2666 999 2705 turn
1022 2643 1138 2704 Italiam
1160 2645 1241 2705 dese·
1360 2715 1362 2718 Υ
1397 2694 1401 2700 .

74 2740 211 2793 rentem,
231 2742 262 2783 et
283 2723 391 2783 bellum
412 2726 446 2783 in
467 2725 610 2794 Oriente,
631 2739 660 2783 et
680 2727 737 2785 His
775 2727 825 2785 nia
843 2743 947 2787 eontra
968 2728 1116 2785 Caesarem
1138 2743 1242 2806 paran-

72 2820 163 2873 tem,
184 2822 306 2865 sectttus
323 2806 415 2864 uariis
423 2806 632 2945 ¹praetextibus
651 2824 714 2880 non
734 2746 844 2869 garrit.
1047 2818 1050 2825 ’

117 2886 265 2964 Pompeius
284 2886 402 2965 (CN),
455 2888 504 2945 ius'
520 2887 601 2945 Sexti
621 2888 764 2966 Pompei,
786 2887 906 2958 Orator,
927 2887 1008 2963 cujus
1027 2886 1145 2946 mentio
1164 2883 1197 2947 fir
1220 2902 1253 2947 a*

72 2964 141 3025 Cic.
156 2966 193 3025 de
215 2966 259 3027 Cl.
274 2968 386 3037 Orare,
408 2984 438 3025 et
457 2968 605 3027 diversum
626 2988 685 3026 esse
705 2988 722 3026 a
742 2969 805 3029 CN.
824 2972 928 3050 Potn‘p.
950 2972 993 3029 M.
1016 2968 1085 3029 licet
1105 2968 1245 3043 ejusdem
1322 3004 1324 3011 ·

73 3046 239 3114 nominis,
259 3064 289 3107 et
310 3044 459 3117 familiae,
480 3050 550 3107 satis
576 3048 690 3108 indicat
710 3050 789 3119 Cic,
810 3067 841 3109 et
861 3047 1003 3110 chronolo
1024 3052 1066 3118 ia,
1088 3059 1174 3130 quarn
1195 3065 1249 3109 sc:
1346 3047 1349 3053 '

72 3128 180 3209 quitur
201 3129 235 3186 in
255 3147 288 3187 eo
301 3131 412 3209 Opere.
426 3130 560 3189 Forsitan
580 3141 666 3200 avus',
680 3130 726 3189 tel
746 3150 826 3211 pater
844 3126 905 3192 fuit
925 3134 988 3192 CN.
997 3070 1100 3271 gomp.
1115 3132 1235 3212 Magni.
1251 3166 1255 3175 ·

115 3208 262 3287 Pompejus
282 3209 294 3285 (
314 3212 416 3286 Sextus
432 3211 469 3289 ),
490 3211 704 3291 praecedentis,
725 3229 758 3271 ut
778 3232 867 3293 puto,
889 3230 985 3295 pater,
997 3231 1048 3273 aut
1094 3213 1236 3283 ater,latt·

70 3288 164 3350 datur
183 3309 198 3348 a
218 3290 281 3351 cic.
296 3292 331 3351 in
352 3290 461 3359 Bruto,
483 3310 533 3351 scu
553 3292 590 3351 de
612 3292 655 3351 cl.
668 3294 762 3351 Oratt.
774 3334 783 3358 ,
794 3296 933 3375 tanquam
947 3292 1024 3354 Phil.
1040 3296 1153 3354 Stoicus
1166 3336 1174 3362 ,
1187 3294 1236 3353 Ju-

67 3370 287 3442 risc'onsulttts‚
309 3389 339 3432 et
358 3372 488 3455 insignis
505 3369 685 3436 Geometra.
704 3378 864 3455 Supersunt
888 3374 969 3435 Sesti
997 3376 1092 3449 Pomp.
1114 3374 1252 3453 scripto:-

64 3471 139 3511 rum
160 3448 281 3534 fragm,
303 3454 337 3512 in
357 3452 463 3541 quibus
483 3452 520 3512 de
540 3452 715 3514 Auriehalco
734 3456 852 3538 agitur,
874 3474 945 3537 quae
965 3457 1097 3521 citantur
1124 3474 1140 3513 a
1167 3454 1236 3513 Cat·

68 3531 119 3592 lio
140 3530 267 3617 Rhodig.
279 3536 300 3593 l.
316 3555 361 3606 19.
376 3554 402 3593 c.
417 3554 444 3604 9.
457 3534 521 3592 lect.
533 3536 618 3611 antiq.
631 3536 705 3617 quin
725 3536 820 3605 dicar,
841 3558 876 3597 ex
890 3538 956 3619 'quo
975 3537 1098 3616 antiquo
1109 3536 1238 3615 Scripto-

65 3630 102 3674 re
123 3633 166 3697 ea·-
176 3616 316 3695 acceperit
328 3660 336 3676 .
347 3617 392 3675 De
399 3614 488 3675 Sexto
496 3618 636 3695 Pompeio,
646 3614 708 3676 lilio
719 3620 783 3679 CN.
794 3620 867 3678 Pom
871 3637 914 3699 p.,
926 3620 1036 3679 Rornae
1047 3618 1185 3677 restituto
1198 3614 1234 3677 le·

65 3695 139 3777 pidi
159 3698 345 3768 auctoritate,
363 3697 458 3765 multa
476 3718 544 3757 tum
566 3697 650 3758 laude
670 3700 732 3758 Cic.
746 3698 821 3759 Phil.
836 3721 863 3761 s.

108 3777 256 3854 Pompeius
276 3779 287 3855 (
306 3782 409 3839 Sextus
428 3779 456 3855 ),
478 3779 585 3838 Orator
604 3777 658 3838 sub
667 3779 799 3849 Tiberio,
812 3776 1050 3861 praecedentibus
1067 3776 1224 3862 posterior,

69 3858 124 3939 qui
147 3858 244 3916 noluit
264 3861 439 3940 patrocinari
459 3862 522 3920 CN.
538 3859 648 3920 Pisoni
661 3880 726 3919 teo.
748 3862 794 3920 Ita
812 3861 953 3922 Tacitus.
1084 3916 1086 3921 .
1251 3880 1254 3885 ·

110 3939 258 4018 Pompeius
277 3941 290 4021 (
308 3944 424 4026 Trogus
442 3942 477 4021 ),
497 3942 610 4003 Histot.
623 3940 789 4024 praeclatus,
801 3941 992 4003 Historiarsm
1010 3964 1060 4037 μ.
1076 3940 1252 4007 munius·

1014 4044 1026 4082 ι
1044 4042 1064 4084 a
