3317 4817
9 368 16 376 ’
113 385 422 471 'Holtrseesiwtis
441 306 840 457 mdsmumiwcdsnsua
860 385 999 457 diuersus,
1010 383 1128 469 scripsit
1148 326 1237 449 (biae-

73 468 434 550 ce.1’hrsosophiea.›1²rar
454 487 529 534 secte
543 466 773 553 Pythagoricus,
792 487 823 529 et
844 469 1024 531 Columellas
1042 468 1183 548 aequalis.

115 548 297 613 Modestinus
318 550 335 627 (
347 552 513 613 Herennius
529 551 816 627 ),Jur1sconsultus,
841 552 999 631 Papiniani
1012 548 1117 629 discip.
1130 593 1138 618 ,
1149 567 1179 608 et
1190 550 1237 609 Ju·
1333 543 1335 551 ’

72 632 117 693 tis
138 626 293 697 Professor.
309 633 439 713 seqnslis
450 632 593 712 Ulpiani,
608 632 699 697 ²silex.
712 633 814 691 &vero
835 654 851 691 a
873 630 1037 698 Consiliis,
1056 629 1134 689 etei
1155 629 1238 691 valde

69 730 221 791 ecceptuss
230 710 390 795 multisque
410 712 570 781 honoribus
590 712 625 773 ab
643 732 680 783 eo
698 713 880 775 cumulatus.
901 714 971 771 Fuit
987 711 1076 771 etiam
1097 711 1239 769 Maximi·

74 794 110 851 ni
130 794 263 862 lenieris
284 794 317 853 in
331 791 399 872 :jule
413 796 572 876 'magistem
584 814 615 856 ec
636 793 779 874 usquead
800 792 946 853 Gordiani
967 792 1125 871 imperium
1144 792 1238 867 instat

73 873 199 952 Oracuii
214 874 571 943 muculesdbussdelsre
590 875 837 955 respondir.Erat
858 872 941 933 valde
961 889 1086 931 versatus
1105 872 1140 929 in
1151 872 1238 931 Graes

73 972 107 1013 (ἃ
121 970 189 1024 „tir
207 956 345 1020 Romans
372 956 545 1039 lirsgm,·er
573 958 661 1016 Poeta
678 956 790 1025 ,dicitur
810 952 916 1015 fuisse.
936 954 1044 1013 Graece
1070 953 1185 1031 scripsit
1204 951 1239 1011 li·

74 1033 220 1105 brumis
239 1034 729 1105 determinamus-:derisionumm
749 1055 882 1105 sermone
894 1034 1017 1115 plurima
1031 1034 1081 1093 lus
1091 1032 1241 1093 illustran-

73 1116 117 1173 tia
138 1114 284 1195 reliquit,
304 1115 533 1197 Differentiarum
554 1136 623 1199 puta
643 1118 770 1189 libus:
792 1116 1014 1175 Excusarisuum
1029 1114 1092 1173 libb.
1116 1114 1238 1173 s.:1re.

72 1194 208 1271 gulanam
229 1196 293 1256 libb.
309 1220 376 1259 so.:
397 1200 601 1274 Requtsorurn
621 1199 687 1257 libb.
704 1220 768 1268 19.:
788 1197 992 1257 pandectarum
1011 1195 1077 1253 libb.
1092 1213 1162 1256 rm:
1184 1194 1234 1255 De

72 1274 181 1335 Poenis
199 1276 266 1336 libb
277 1298 368 1349 utet
380 1280 516 1341 deDaris
535 1277 691 1357 diffitentis,
705 1280 754 1338 lib.
763 1280 998 1365 singularem,ac
1017 1276 1073 1337 alia
1091 1274 1237 1362 plurima.

74 1356 188 1423 Verum
217 1376 254 1427 en
280 1376 327 1420 tot
352 1355 499 1441 Operibus
525 1362 620 1424 ιοΙιιιιι
641 1357 741 1443 fragm.
761 1378 916 1442 supersunt
943 1360 977 1419 in
1003 1358 1121 1437 Cerpqre
1139 1356 1236 1419 Iuris.

73 1438 174 1577 {dung
173 1474 179 1486 ·
186 1430 274 1530 fuisse
292 1458 473 1521 postremum
486 1444 563 1503 inter
575 1443 751 1524 insigniores
763 1440 989 1503 Iurisconsultus
1010 1441 1160 1499 Romanos
1180 1458 1238 1503 tra·

96 1534 122 1576 st
176 1538 302 1588 taurna..
412 1557 417 1581 .
500 1579 566 1590 ..
630 1584 679 1594 NJ

118 1597 270 1659 Modestus
283 1600 300 1678 (
308 1605 440 1682 elul),
456 1607 569 1689 Hygini
591 1606 725 1677 libertus,
739 1607 859 1669 Petroni
872 1606 917 1667 sui
938 1607 979 1666 in.
992 1604 1125 1665 doctrine
1139 1623 1233 1664 aemu·

74 1677 152 1738 lator
165 1722 174 1738 .
189 1680 254 1740 Get.
266 1684 316 1743 lib.
332 1708 358 1753 3·
371 1706 393 1746 r.
405 1706 435 1757 „or
448 1688 521 1746 citat
541 1691 602 1758 ejus
622 1688 669 1746 lib.
687 1709 714 1748 t.
728 1687 793 1764 QQ
809 1684 988 1767 corrjirsarum
998 1687 1048 1754 ,in
1068 1704 1125 1765 quo
1149 1704 1240 1745 nerra·

75 1757 161 1820 batur
181 1757 306 1823 historie
326 1766 361 1824 de
383 1768 465 1847 Equo
484 1770 589 1845 Sereno
610 1768 695 1849 plane
714 1769 890 1850 singularis,
911 1787 946 1828 ex
967 1786 1021 1847 qua
1051 1765 1236 1845 proverbium

75 1838 113 1899 de
126 1837 299 1905 hominibus
317 1845 495 1908 calamitosis
514 1867 630 1909 ortum:
641 1849 693 1914 ille
706 1845 789 1908 babet
802 1850 914 1925 Equum
928 1846 1057 1925 Seianum
1068 1847 1140 1926 ¹:qui
1153 1846 1236 1905 enim

75 1939 185 2000 equum
206 1922 297 1984 istum
318 1928 505 2006 possederunt
527 1926 543 2001 (
561 1930 654 2009 plures
675 1948 781 2010 nempe
802 1930 860 1989 viri
881 1928 1016 2010 praeclari
1037 1926 1048 2003 )
1069 1946 1172 1986 omnes
1200 1922 1238 1986 ad

76 2019 172 2060 unum
193 2002 344 2065 adversum
366 2005 458 2067 fatum
480 2009 650 2074 subierunt.
670 2012 794 2091 Scripsit
811 2012 886 2074 irena
907 2009 944 2069 de
956 2007 1046 2069 Ftriis
1059 2006 1167 2068 librum
1183 2027 1242 2067 me.

76 2099 225 2143 moratum
238 2087 487 2165 eQuintilsGel„
494 2108 524 2149 tt
537 2091 694 2151 Diomede.
705 2093 782 2151 Suet.
789 2092 883 2158 tradit
892 2134 900 2160 ,
910 2089 992 2149 uelde
1005 2108 1157 2170 pauperem
1169 2084 1242 2147 fuis·

77 2182 132 2227 se.
155 2181 185 2221 et
205 2185 220 2225 a
241 2168 275 2226 C.
288 2169 406 2229 Licinio
427 2173 785 2239 sustentatumForsitan
803 2169 853 2238 hic
872 2187 916 2231 est
937 2168 1102 2237 Molestus,
1126 2168 1162 2229 de
1182 2188 1241 2249 quo

78 2245 169 2303 Mart.
180 2246 201 2302 l.
217 2266 263 2304 rs.
277 2248 375 2325 Epigr.
391 2252 424 2309 in
445 2253 590 2333 Crispum,
612 2246 725 2313 iudicat
737 2293 745 2317 s
758 2271 862 2336 magna
884 2250 1078 2333 perspicacia,
1099 2266 1129 2310 et
1156 2248 1243 2311 intel-

65 2322 230 2407 digentis,¹
245 2330 458 2396 etiamrcrum
477 2331 682 2399 obscurarum,
703 2334 866 2414 praeditum
889 2328 1000 2406 luisse.
1109 2358 1111 2363 ¹
1176 2358 1181 2365 ·

121 2404 208 2468 Mola
218 2408 230 2484 l
240 2411 454 2489 Apollonius),
468 2414 559 2495 patria
572 2415 802 2484 Alabandensis,
815 2413 946 2473 erodius
965 2412 1072 2479 dictus,
1084 2412 1152 2495 quia
1166 2410 1245 2473 Rho·

77 2486 112 2545 di
123 2486 177 2544 diu
189 2488 283 2551 vixit.
297 2493 367 2551 Fuit
387 2493 572 2575 eloquentiae
594 2498 729 2577 magistet
736 2498 848 2556 Romae
858 2495 1094 2578 egregius‚cujns
1105 2494 1242 2555 alumnus

77 2567 143 2627 Cic.
158 2569 190 2626 in
212 2570 406 2633 adolescentia
426 2572 503 2635 fuit.
522 2577 615 2635 Tanti
635 2583 696 2654 ejus
715 2577 914 2657 eloquentiam
935 2572 1057 2635 faciebat
1077 2577 1162 2645 Cin,
1185 2594 1241 2647 ut,

76 2668 148 2707 cum
169 2653 228 2727 jam
249 2653 326 2712 iuter
346 2674 508 2717 caussarum
529 2673 667 2737 patronos
685 2657 793 2733 clarum
807 2654 922 2730 baberet
935 2674 1059 2725 nomen,
1081 2676 1146 2715 eum
1163 2654 1241 2715 Rho-

76 2728 129 2797 di,
142 2748 201 2809 quo
221 2751 406 2804 concesserat,
427 2735 525 2797 denuo
544 2738 645 2799 audire
665 2738 806 2813 tolutiit,
828 2755 913 2817 seque
932 2736 980 2809 illi
999 2732 1240 2808 reformandum,

77 2829 112 2869 ac
134 2810 227 2871 veluti
247 2816 461 2897 recoquendum
482 2820 516 2876 in
536 2819 674 2880 Oratotia
692 2818 805 2879 dederit
814 2818 909 2877 *th
930 2818 962 2875 de
984 2816 1028 2874 Cl.
1050 2817 1149 2885 Orat,
1171 2837 1238 2875 enm

78 2894 221 2952 Actorem
242 2915 391 2957 summum
411 2919 571 2961 mossarum
585 2945 594 2970 ,
610 2901 653 2961 'et'
665 2900 840 2983 Magistrum
851 2896 985 2980 appellat
996 2942 1003 2957 .
1015 2896 1058 2955 Ex
1078 2915 1137 2977 quo
1158 2896 1259 2962 intel.

77 2972 194 3054 ligitur,
214 2995 283 3035 eum
297 2978 338 3035 in
358 2975 423 3038 foro
434 2981 570 3053 Romanq
590 3000 700 3053 caussas
720 2980 832 3064 egisse.
853 2982 890 3038 V.
906 2978 1071 3057 Quintlib.
1088 2995 1134 3039 re.
1148 2977 1242 3036 lussit.

77 3055 119 3115 Ei
137 3073 307 3117 eoncessum
328 3054 385 3120 fuit
406 3060 440 3119 in
460 3063 566 3123 Senatu
586 3062 651 3122 sine
670 3062 827 3140 interprete
848 3060 955 3121 Graece
976 3056 1080 3139 loqui,
1099 3058 1180 3139 quod
1193 3078 1244 3118 ns·

78 3132 162 3193 mini
182 3153 251 3197 ante
266 3158 339 3209 ,tum
359 3137 452 3201 fuerat
474 3143 665 3222 permissum.
688 3146 733 3203 lta
754 3141 818 3201 var.
834 3144 877 3201 M.
891 3138 912 3199 l.
927 3158 954 3195 2.
967 3157 993 3195 c.
1008 3160 1036 3202 a.

120 3214 292 3288 Memmius,
312 3222 403 3284 Poeta
422 3221 634 3281 Atrellaunrum
653 3220 860 3304 Scriptor.De
872 3242 905 3283 eo
925 3218 1053 3279 Macrob.
1067 3220 1101 3279 in
1122 3218 1240 3281 Satura.

75 3296 145 3365 ait,
165 3315 232 3379 post
251 3303 385 3372 Nouium
404 3304 439 3364 in
457 3305 617 3368 Arrellarris
643 3325 711 3363 enm
739 3304 888 3386 insignem
907 3296 996 3381 fuisse
1016 3300 1217 3361 existimatum
1233 3349 1240 3364 .
1254 3342 1270 3356 .,

76 3378 216 3438 Forsitan
236 3380 285 3441 hic
306 3402 348 3443 est
369 3382 545 3455 Mummius,
565 3382 647 3445 facili
666 3386 755 3448 unius
774 3384 887 3446 litterae
906 3384 941 3467 iq
962 3383 1084 3441 nomine
1104 3382 1244 3465 immurq-

76 3459 189 3528 tione,
210 3462 288 3521 inter
308 3466 420 3524 Mimos
439 3486 456 3525 a
472 3467 583 3527 Vossio
602 3468 781 3541 recensitus„
1210 3472 1215 3487 ¹

121 3538 266 3617 Musteus
287 3547 421 3620 Romans
440 3548 560 3628 antiquo
574 3590 582 3617 ,
598 3546 667 3608 side
685 3538 756 3624 As}
775 3546 937 3621 Denarius:
949 3543 1046 3603 Numa
1060 3542 1241 3604 :Sestertium

81 3621 120 3681 in
141 3623 204 3684 suis
222 3625 282 3691 litt.
305 3671 311 3685 .
658 3681 662 3693 ‚

122 3700 282 3764 Montanus
301 3703 326 3782 (·
336 3707 525 3788 Votienus),
539 3707 667 3770 Narbon
680 3711 786 3771 Orator
800 3707 935 3769 celebris:
948 3704 1064 3791 ingenii
1085 3706 1129 3766 vir
1142 3729 1158 3771 a
1171 3710 1243 3769 Tac.

77 3783 276 3864 appellntusl.
288 3810 318 3861 4
332 3787 409 3849 Anu.
425 3788 473 3849 ob
492 3792 686 3852 contumelias
705 3794 740 3850 in
766 3790 920 3859 Tiberium
950 3789 1110 3869 majestatis
1138 3810 1246 3871 poenas

80 3865 173 3928 tulit.
195 3870 311 3932 Mlier.
332 3872 366 3930 in
388 3870 488 3931 Cliton.
503 3872 611 3939 tradit,
632 3874 666 3931 in
686 3872 856 3934 Balearibus.
870 3869 997 3932 exsulem
1009 3870 1135 3931 obiisse.
1150 3875 1195 3931 De
1209 3874 1253 3933 eo'

78 3946 148 4009 Sen.
168 3947 203 4007 in
233 3950 365 4010 Contrua.
386 3953 429 4012 eit
446 3954 641 4022 ,Sententias
657 3954 821 4037 ³repetendo
840 3952 1020 4036 corrupisse.¹
1041 3954 1247 4037 Scaurum-Qui·

82 4028 162 4089 dun
181 4032 254 4093 ittet
272 4032 407 4095 Oratores
430 4053 498 4097 sem
518 4035 699 4118 appellabat.
1069 4051 1072 4057 '
