3317 4817
105 465 305 552 eBa'in'aliis
325 488 416 568 Epist,
442 481 480 555 nt
495 487 532 555 de
551 492 599 560 his
617 421 709 562 ferie?
719 500 826 567 certior
844 500 923 573 fieret
942 530 1009 582 cunr
1028 516 1140 583 'Atium
1160 468 1258 609 guber.

107 568 215 657 nabat.
241 572 318 630 Vide
337 572 486 644 Annales,
507 573 611 645 Fasti,
633 580 735 654 Libri,
756 586 885 660 Neratii,
906 591 1018 655 Scribas
1047 603 1081 659 in
1101 606 1160 663 suis
1179 607 1259 669 iisse·

106 662 176 738 trs.
197 652 262 708 Hoc
283 648 455 743 differebant
476 653 553 714 Acta
578 662 700 722 Senatm
726 663 764 724 ab
782 664 871 729 Urbis
890 672 1020 746 Disriis,
1041 683 1120 759 quod
1140 682 1189 743 illa
1209 706 1259 767 pu·

108 722 183 786 bhca
198 746 370 824 auctoritate
389 735 643 816 consignabantur,
655 739 863 827 submisseque
875 754 1036 815 mendaciis
1048 763 1177 836 rejectis:
1189 782 1259 827 eon·

108 823 152 865 tra
173 827 241 865 vero
252 810 349 879 Urbrs,
370 828 400 869 et
413 814 533 893 Imperii
545 820 663 890 Diutia,
674 841 746 903 quse
766 821 874 887 fabulas
894 836 992 904 etism,
1006 853 1037 895 ct
1058 836 1143 901 falsos
1161 862 1257 903 tumo-

107 902 177 1017 ἵε).
194 904 227 945 ut
249 907 347 980 nostra
368 886 437 951 folia
456 894 571 984 publica
592 938 601 963 ‚
622 920 704 991 saepe
723 905 914 967 continebant
933 957 942 981 ,
963 916 1042 994 quod
1062 938 1097 977 ex
1119 940 1145 977 1.
1167 910 1274 983 Caelii

132 983 201 1037 pust.
222 967 259 1024 ad
278 970 450 1029 Ciceronem
470 974 519 1031 lrb.
535 989 564 1033 s.
585 979 677 1053 Epist.
699 980 802 1043 Funil.
822 1004 955 1049 constat.
977 1001 1089 1057 omnes
1109 996 1167 1058 fere
1187 1003 1255 1065 Cas·

106 1041 142 1099 lii
162 1045 310 1119 Epistulae
328 1050 365 1107 ad
384 1051 556 1113 Ciceronem
575 1061 733 1119 continent
753 1067 930 1129 narrationes
942 1070 1077 1136 Actorum
1100 1078 1185 1139 Urbis
1222 1100 1251 1142 ec

105 1123 242 1184 Senatus:
263 1128 341 1207 quod
362 1125 431 1192 facit
451 1133 581 1205 Caelium
595 1154 628 1196 ut
647 1136 734 1197 fidem
754 1160 835 1203 tuam
855 1145 973 1218 liberet,
986 1171 1071 1231 quam
1088 1124 1251 1221 discedbnti

104 1198 140 1258 in
161 1204 348 1298 {ruriaciam
374 1210 580 1307 Ciceronibus
598 1234 643 1278 res
662 1220 775 1283 sciendi
794 1226 901 1308 cupido
926 1227 1061 1307 dederet,
1077 1254 1110 1299 ut
1129 1254 1250 1305 testetur

104 1280 221 1342 Carinus
242 1284 333 1359 Epurr,
355 1308 381 1346 r.
403 1290 479 1351 drctr
497 1291 584 1354 hbrr.

145 1360 250 1420 Actius
271 1366 338 1425 side
358 1367 479 1431 Accius.

143 1438 248 1499 Acrius
267 1444 428 1541 (moturos
440 1428 775 1551 copponiumsenebeii
794 1468 970 1549 postulavit.
991 1478 1036 1539 Ita
1055 1479 1088 1540 in
1108 1422 1248 1568 fragmen·

99 1536 134 1575 to
151 1519 412 1595 Tabularum,srve
432 1532 643 1606 Epkemendunr
663 1543 831 1608 &mnarum
851 1555 1036 1635 antiquorum
1057 1560 1245 1645 Urbis,quod

96 1593 194 1711 {ffffi
202 1602 388 1688 Fontine-ig
408 1609 504 1702 Ῑίαςζ-
516 1615 964 1708 ddlfflpeemoffirvrndnonss
983 1638 1059 1688 anter
1071 1640 1186 1687 Actium
1198 1676 1204 1697 ,
1217 1650 1247 1691 ec

95 1708 254 1791 Seposium,
260 1710 405 1767 minorem
426 1707 469 1764 de'
481 1707 641 1766 accusando
654 1710 827 1787 Copponio,
840 1710 873 1766 in
884 1719 940 1787 qua
951 1704 1136 1767 Divinatione
1145 1708 1249 1771 Acrius

94 1790 195 1849 victor
211 1785 307 1847 evasit
325 1804 426 1846 contra
437 1788 649 1867 Sepasium,eo
669 1786 749 1866 quod
768 1788 878 1866 Seposii
897 1804 985 1855 uxor,
996 1786 1076 1846 soror'
1096 1806 1170 1848 esset
1190 1796 1243 1851 nd·

96 1890 147 1928 rus
173 1869 339 1947 Copponii.
532 1880 536 1885 ’
817 1917 819 1920 .
1151 1910 1153 1917 .

141 1947 252 2005 Aculeo
273 1945 323 2023 (C)
345 1946 543 2026 propinquus,
565 1942 765 2005 etfamiliaris
784 1946 827 2003 M.
846 1942 913 2003 Tul.
928 1944 1008 2014 cic„
1027 1946 1078 2026 qui
1099 1947 1146 2010 lib.
1170 1968 1197 2004 ι.
1215 1949 1249 2006 dt
1284 1985 1294 2010 r

98 2029 184 2085 Orus.
207 2045 237 2085 et
256 2026 304 2083 lib.
327 2027 361 2083 de
375 2027 417 2085 cl.
432 2026 600 2085 Oromenm
622 2025 727 2094 iaudat,
741 2042 775 2083 ut
794 2025 1008 2103 peritissimum·
1027 2027 1062 2085 in
1081 2028 1148 2089 Jure
1167 2028 1248 2094 Ciri·
1296 2018 1306 2039 ⁸

96 2108 137 2175 li,
153 2108 191 2163 de
211 2111 311 2182 ejuso
348 2104 427 2162 ribus
447 2106 551 2165 silens.

138 2186 279 2254 Acuticus¹
299 2125 367 2259 ὦ)
386 2185 475 2264 Postu
494 2190 576 2265 cujus
596 2185 736 2245 meminit
753 2184 912 2245 Cic-decl.
925 2185 1009 2267 Orus.
1047 2266 1050 2273 Ι

140 2343 294 2402 Adamieae
313 2330 451 2403 haeretiei
472 2345 681 2422 Gnosticorum
703 2346 834 2427 germina
846 2390 854 2415 ,
868 2344 1138 2427 quae-pullularunt
1161 2370 1187 2408 a.
1200 2348 1250 2411 Et·

95 2426 133 2484 cl.
156 2424 300 2491 Saeculo,
323 2425 400 2482 nudi
425 2427 490 2485 sine
510 2444 631 2483 sexuum
652 2426 832 2503 separatione
849 2426 886 2494 ¹in
907 2427 969 2485 lota
990 2428 1101 2487 occulta
1116 2469 1124 2492 .
1139 2446 1167 2487 et
1187 2432 1249 2488 sub·

95 2523 228 2564 terranea
247 2503 478 2572 conveniebant,
499 2504 618 2583 illioque
636 2506 777 2575 orabant,
798 2504 845 2563 uel
866 2502 989 2563 nefanda
1010 2506 1160 2587 patrabant
1175 2552 1182 2575 ,
1198 2506 1248 2589 pu-

102 2602 210 2651 tantes,
224 2602 256 2640 es
277 2584 411 2641 nuditate
431 2604 461 2641 se
481 2584 647 2652 Adamum,
659 2585 878 2653 etHesam,in
901 2586 1030 2665 paradiso
1050 2588 1144 2645 nudos
1164 2589 1251 2646 inno·

94 2682 196 2723 tentet
216 2663 367 2743 degentes,
378 2663 491 2747 imitari
504 2708 511 2722 .
531 2667 645 2722 Horum
658 2666 762 2743 scripta
773 2682 826 2743 pro
840 2680 914 2723 secta
927 2684 976 2725 sua
988 2664 1066 2725 nulla
1079 2682 1246 2747 supersunt.

589 2755 755 2798 noun.
1015 2746 1018 2760 '

137 2819 279 2899 Conjicio
299 2820 332 2878 in
352 2818 431 2881 hunc
451 2820 594 2901 Syllabum
615 2818 838 2901 haeresisrchas,
857 2839 886 2880 et
907 2820 1065 2884 haereticos
1084 2824 1244 2893 litteratos,

94 2904 147 2982 qni
170 2903 250 2959 intra
272 2901 365 2979 prima
385 2923 412 2972 4.
426 2902 567 2978 Ecclesiae
586 2900 715 2971 Saecula,
738 2922 787 2960 seu
807 2920 895 2982 usque
915 2902 951 2961 sd
971 2903 1099 2961 Honotii
1118 2905 1245 2990 Augusti

94 2999 228 3060 tempora
248 2977 428 3041 catholicam
440 2982 596 3040 Ecclesiam
617 2982 713 3059 pratis
734 2981 792 3039 suis
812 2981 1013 3064 dogmatibus,
1034 2982 1192 3051 erroribu's,
1208 2988 1244 3041 'et

93 3058 245 3122 fraudibus
265 3059 480 3139 perturbarunt,
502 3064 591 3119 etiam
613 3060 680 3117 illos
699 3062 751 3140 qni
773 3080 809 3118 ex
830 3063 953 3120 Oriente
973 3063 1243 3143 prodieruntzquiu

94 3139 257 3198 verisimile
276 3158 320 3196 ess
331 3184 340 3208 ‚
351 3160 401 3198 eos
420 3141 457 3199 ad
478 3139 690 3219 propagandam
712 3158 816 3199 sectam
839 3160 919 3199 suam
941 3144 1019 3201 inter
1030 3143 1197 3210 Romanos,
1212 3158 1243 3200 et

98 3220 216 3300 ignaros
236 3219 399 3301 linguarum
421 3217 617 3278 Orientalium
638 3220 733 3277 lutino
751 3238 885 3279 sermone
905 3221 985 3301 pluro
1011 3222 1176 3303 scripsisse,
1198 3221 1244 3282 sel

99 3298 221 3357 scribere
241 3294 358 3368 fecisse,
381 3318 453 3378 quae
472 3301 579 3355 merito
598 3301 700 3356 omnia
719 3296 777 3357 fere
797 3302 963 3379 perierunt.

139 3378 294 3449 Adrianus,
314 3380 378 3435 sire
398 3378 561 3437 Hadrianus
569 3373 583 3444 ,‘
590 3380 680 3457 patria
697 3380 808 3457 Tyrius
821 3421 829 3448 ,
842 3378 976 3459 Sophiste
994 3378 1097 3439 docuit
1104 3377 1243 3451 Athenis,

97 3458 175 3517 unde
195 3459 268 3517 aM.
282 3459 420 3516 Antonio
436 3460 504 3523 ,cui
523 3456 624 3515 charus
644 3473 718 3525 erat,
739 3454 798 3516 fuit
819 3460 944 3517 Romam
966 3460 1136 3539 perductus.

136 3537 290 3606 Adrianus,
299 3539 363 3595 sire
374 3536 555 3613 Hadrianus(
568 3536 688 3610 Aelius)
700 3540 819 3613 Traiani
829 3538 1030 3598 Consobrinus
1039 3582 1047 3609 ,
1056 3556 1084 3597 et
1096 3540 1244 3619 ffispanus

96 3637 199 3699 genere
213 3619 300 3675 Rom.
313 3618 496 3697 Imper.,qui
518 3616 556 3673 ob
575 3635 712 3696 magnum
727 3614 1079 3697 Graecarum'iitterarum
1101 3620 1242 3688 studium,

94 3716 128 3754 et
146 3716 262 3755 morum
282 3698 524 3774 Graecanicorum
553 3691 769 3754 affectationem
789 3696 947 3755 Graeculus
975 3698 1062 3779 vulgo
1090 3696 1245 3778 appellaba·

99 3793 162 3834 tur.
185 3777 257 3835 Fuit
276 3778 397 3846 Orator,
411 3778 516 3843 Poeta,
531 3776 659 3843 Hieron,
672 3774 798 3843 Philon,
809 3778 987 3847 Grammat,
1005 3777 1244 3845 Iurisconsultus,

99 3852 273 3920 Mathemat.
286 3901 295 3925 ,
310 3874 340 3914 et
360 3857 606 3915 Astronomorum
627 3856 672 3914 sni
692 3858 833 3935 temporis
854 3854 936 3917 facile
957 3858 1109 3937 princeps.
1131 3858 1265 3916 Primus·

101 3935 254 4071 Caesalr'um
272 3935 391 4082 parbem
411 3937 540 3997 nutrivit
559 3953 640 3995 more
654 3935 829 3997 Graecorum
837 3934 1246 4072 Philosophorunpbarbamt

208 4034 254 4072 ars
290 4058 297 4073 .
