3317 4817
408 448 412 454 “
436 465 439 470 ·
527 434 796 495 Corollarinm'Ih‘
889 439 894 446 ’
977 446 980 451 ’
1028 443 1043 455 ’“
1072 467 1076 474 ·
1117 374 1187 486 ’,4,

111 515 208 574 Ordo.
230 517 268 576 In
289 523 363 598 pop:
377 515 464 576 Rom.
491 537 516 594 3.
535 517 652 588 ordines
672 517 784 576 civium
804 518 1085 596 etant.Senatores‚
1099 517 1230 599 Eqnites.

70 612 99 653 et
123 596 261 656 Plebeii.
284 600 346 676 Qui
366 617 485 658 censum
506 616 636 658 annuum
656 599 830 678 requisitum
850 599 888 659 ad
906 601 1116 665 Senatorium,
1139 600 1185 659 vel
1203 619 1235 658 e·

70 681 220 756 quesrrem
253 679 386 738 ordinem
417 698 478 736 non
498 675 660 750 lababant,
681 679 886 762 quantumvis-
900 679 1100 744 nobilissimi,
1120 678 1235 743 Plebeii

68 775 176 816 erant.
200 759 277 820 Vide
298 759 417 820 Patricii
437 759 526 822 inP.
591 835 593 838 Ι
657 759 663 774 “
908 763 927 789 “’
1101 798 1107 804 ·

112 838 281 911 Oribasins,
304 843 414 902 iuliani
437 839 593 925 Apostatae
619 842 773 913 medicus,
796 857 825 902 tt
853 841 906 913 sub
933 862 969 901 oo
989 843 1134 922 Quaestor
1153 843 1233 910 cini

70 921 377 1002 stantinopolitanus.
398 925 518 1004 Scripsit
539 926 603 982 libb.
622 940 667 988 72.
687 926 721 982 de
742 945 770 983 re
788 925 895 982 medita
912 924 950 983 ad
969 925 1117 984 lunanum
1139 927 1234 1005 impe·

69 1019 145 1068 rat.,
169 1002 347 1082 inquorum
369 1005 484 1064 decimo
506 1005 620 1064 videtur
646 1006 740 1088 egisse
757 1005 794 1064 de
813 1003 949 1064 Balneis.
981 1005 1085 1064 Edidit
1111 1007 1231 1085 insuper

66 1081 118 1138 lib.
135 1082 170 1139 de
192 1101 275 1160 regno
286 1127 294 1149 ,
306 1101 333 1142 et
353 1086 387 1142 de
406 1085 565 1164 affectibus.
584 1089 662 1145 Haec
673 1087 767 1166 Opera
786 1086 898 1184 integra
910 1105 971 1146 non
983 1086 1132 1168 leguntur.
1143 1087 1233 1148 Obila

67 1161 104 1226 5¹1
127 1163 254 1228 exsilio.
279 1167 325 1224 Ita
345 1165 465 1232 suidas.
486 1169 598 1236 Verum
618 1168 767 1248 Eunapius
787 1167 821 1225 in
841 1185 904 1243 etus
922 1168 993 1226 Vite
1009 1167 1118 1236 tradit',
1129 1167 1165 1227 ab
1184 1187 1233 1226 ers

67 1249 140 1308 silio
161 1267 353 1328 revocatum,
375 1268 483 1329 suoque
505 1267 633 1328 tempore
653 1247 746 1307 adhue
767 1247 801 1305 in
824 1248 909 1306 risis
921 1244 1025 1315 fuisse,
1039 1264 1072 1306 ac
1093 1247 1231 1329 pristinas

65 1349 138 1410 opes
159 1350 338 1410 recuperasse
359 1332 568 1410 Imperatorum
591 1346 657 1408 post
678 1328 827 1388 Iulianum
843 1328 1051 1411 indulgentia.
1142 1339 1146 1342 ’
1248 1318 1255 1332 ’

109 1411 270 1489 Origenes,
292 1407 617 1468 Adananrinus'dictus
636 1407 674 1467 ob
695 1405 872 1469 indefessum
893 1406 1053 1468 litterarum
1076 1406 1227 1469 studium:

35 1525 36 1530 κ
69 1492 198 1550 natione
218 1491 399 1574 Aegyptius,
415 1493 507 1572 patria
527 1488 763 1559 Alexandrinus,
776 1488 961 1552 Christianus
974 1490 1103 1568 Scriptor
1121 1490 1234 1548 doctiss

65 1574 178 1636 simus,
200 1589 284 1631 natus
304 1592 350 1630 an.
372 1569 486 1632 Christi
508 1579 574 1644 185.
596 1572 624 1628 A
646 1587 725 1650 patre
745 1568 1017 1640 Leonida,Christi
1039 1571 1175 1649 Martyre,
1194 1571 1237 1628 in

66 1653 198 1733 pueritia
212 1649 387 1712 Christianis
407 1649 614 1735 dogmatibus,
635 1667 664 1708 et
684 1647 872 1712 inferioribus
891 1650 1059 1730 disciplinis
1079 1651 1230 1718 eruditus,

66 1736 99 1791 in
111 1731 305 1812 Philosophia
319 1733 488 1816 magistrum
501 1729 602 1790 habuit
616 1732 829 1800 Ammoninm,
843 1729 1045 1791 Christianum
1053 1732 1231 1788 Doctorem:

67 1815 101 1870 in
124 1811 316 1895 Theologicis
337 1833 433 1872 autern
455 1810 617 1874 Clementis
638 1811 833 1871 Alexandrini
853 1811 970 1870 auditor
989 1804 1107 1879 fuit,ei
1127 1811 1231 1869 ei'suo

65 1896 157 1953 cessit
179 1895 212 1952 in
233 1915 261 1951 re
283 1895 363 1951 imen
383 1891 499 1952 Scholae
520 1892 762 1962 Alexandrinae,
783 1912 852 1952 cum
871 1905 982 1950 annum
1012 1909 1107 1973 ageret
1126 1891 1231 1950 aetatis

70 1984 130 2043 18.,
148 1915 323 2033 minorihus
343 1978 404 2050 ejus
427 1975 580 2054 ingenium
594 2018 601 2041 ‚
615 1990 645 2032 et
666 1973 841 2054 singularem
863 1973 1038 2042 doctrinam,
1059 1971 1149 2030 etiam
1161 1968 1232 2029 Eth·

66 2055 148 2113 nicis
169 2054 370 2113 doctioribus.
386 2055 513 2114 Adsum
536 2053 713 2124 audiendum
734 2053 869 2114 certatim
890 2049 1227 2112 confluebaniChristia«
1254 2125 1258 2130 ι

66 2136 100 2192 ni
115 2181 122 2202 ,
136 2153 175 2192 et*
190 2132 310 2193 Ethnici
331 2133 480 2215 utriusque
503 2153 596 2204 serus,
617 2152 681 2200 tunr
695 2134 903 2202 nletandsiae,
916 2149 980 2192 tum
993 2135 1151 2196 Caesareae,
1164 2150 1230 2190 tum

68 2217 163 2273 etiam
177 2216 297 2283 Romae,
312 2233 341 2272 et
349 2215 420 2294 Tyri
431 2234 438 2279 ·,
450 2213 500 2272 ubi
511 2229 708 2272 commoratus
721 2211 794 2282 fuit,
809 2227 840 2273 ct
859 2216 937 2273 inter
945 2213 1105 2293 discipulas
1116 2211 1229 2279 habuit,

66 2290 251 2354 Antiochiae
261 2297 465 2362 Mammaeam=
478 2295 573 2353 Seueri
582 2293 746 2366 'Alexandri
758 2298 863 2374 Imper.
876 2311 1079 2372 matrem,quae
1091 2291 1231 2352 christia·-

67 2395 139 2434 nam
152 2375 325 2458 religionem
340 2373 391 2433 sub
403 2375 580 2454 eo³arnplcxa
592 2391 634 2434 est
644 2419 649 2430 .
659 2375 817 2434 Auditores
827 2374 916 2434 etiam
929 2372 1040 2441 habuit,
1051 2390 1081 2431 ct
1092 2374 1128 2432 ad
1141 2369 1230 2432 fidem

67 2457 162 2514 traxit
185 2457 210 2513 S.
232 2455 405 2538 Gregorium
427 2453 695 2538 Thaumaturgum,
714 2476 745 2514 ac
767 2461 827 2528 elus
848 2452 981 2524 fratrem,
995 2470 1028 2512 ut
1047 2453 1162 2513 dictum
1181 2469 1227 2512 ess

67 2535 157 2594 verbo
181 2537 333 2612 Gregorius
353 2536 386 2593 in
401 2535 437 2593 G.
451 2536 586 2595 Nimium
600 2536 719 2594 Platoni
740 2535 885 2603 addictus,
898 2536 931 2592 in
952 2537 1046 2593 varios
1059 2552 1174 2604 enimes
1183 2534 1232 2598 ins

66 2616 178 2676 cidisse
199 2617 365 2680 dicitur‚et
386 2617 421 2674 dc
442 2637 476 2674 eo
497 2615 589 2692 ajebat
610 2616 797 2675 Cassiodorus
806 2612 816 2672 ε’
838 2615 894 2672 vri
915 2617 995 2683 berre,
1018 2631 1095 2670 nemo
1107 2613 1232 2672 meiius:

68 2697 113 2753 irbi
136 2697 233 2766 male,
256 2717 332 2754 nerno
345 2696 429 2774 ,pejus
446 2738 454 2754 .
474 2697 543 2773 Ejus
565 2695 656 2754 libris
668 2695 792 2754 insertos
813 2714 918 2754 errores
930 2695 965 2753 ab
984 2693 1115 2762 aemulis,
1139 2694 1229 2751 multi

66 2781 232 2856 putanttet
252 2797 324 2857 quos
345 2775 411 2856 po'st
431 2781 492 2853 ejus
514 2771 1004 2834 mortem-damnavitA'nastasius
1025 2776 1112 2831 Rom.
1121 2776 1227 2842 Porta,

66 2873 96 2914 et
117 2877 217 2916 revera
229 2857 367 2940 Origenis
383 2875 471 2925 crant,
493 2858 557 2914 sine
578 2856 664 2934 pleno
684 2863 808 2923 assensu,
821 2871 850 2912 et
870 2856 935 2929 sine
957 2854 1113 2933 pertinacia
1134 2851 1169 2910 ab
1190 2853 1225 2910 ed

66 2937 195 3016 scriptos
222 2935 360 2996 nonnulli
382 2934 544 2996 affirmant.
567 2934 738 3016 Pamphilus
769 2937 900 3014 Mastya,
921 2951 951 2993 et
971 2932 1110 2992 Eusebius
1129 2934 1228 2991 Caesa-

64 3017 180 3096 reensis
201 3017 361 3076 incarcere
383 3017 541 3100 Apologias
562 3037 613 3096 pro
635 3036 669 3075 eo
690 3012 1000 3096 Scripserunt.Edidit
1016 3013 1155 3072 librorum
1179 3033 1229 3074 se:

66 3097 187 3156 millia:
209 3117 282 3177 quos
301 3116 405 3156 omnes
426 3097 577 3179 selegisse
598 3097 755 3155 testatuiS.
770 3097 904 3160 Hierone
918 3105 1019 3154 seium
1040 3092 1143 3152 horum
1166 3113 1229 3172 pars

65 3197 174 3260 magna
197 3177 288 3236 desid.
303 3223 310 3246 ,
324 3195 357 3237 ut
371 3178 458 3237 etiam
475 3178 611 3257 antiquae
632 3179 778 3236 versiones
798 3177 920 3236 Latinae
933 3171 1123 3256 praefatorum
1145 3173 1230 3232 libro·

64 3259 243 3336 rum.Quae
263 3259 406 3352 leguntur,
419 3279 435 3315 a
447 3255 566 3315 Ruffino
587 3254 686 3321 factam
707 3275 807 3336 patum
828 3253 926 3317 fideles
945 3272 1116 3314 censentur.
1138 3253 1227 3312 Obiit

64 3339 139 3416 Tyri
159 3357 208 3396 an.
220 3354 322 3398 aetatis
338 3347 385 3410 69.
395 3335 507 3397 Christi
521 3359 588 3410 254.
604 3335 681 3396 Vide
693 3333 820 3414 Ruffinus
830 3339 865 3395 in
875 3337 921 3396 R.
941 3338 986 3394 De
998 3337 1118 3412 Origene
1138 3333 1231 3394 multo

64 3417 264 3477 Ecclesiastici
285 3418 446 3478 Historici.
885 3472 887 3477 .
1059 3435 1062 3440 ·
1138 3465 1141 3467 a

108 3499 263 3575 Origenes,
285 3497 428 3558 Ethnicus
455 3497 549 3567 Phih,
570 3499 684 3558 auditor
706 3499 819 3558 Plotini
841 3502 952 3559 Minae
971 3515 1029 3558 una
1048 3517 1115 3556 cum
1137 3497 1224 3554 Amo·

64 3577 128 3644 lio,
151 3595 180 3636 et
202 3575 382 3658 Porphyrio.
404 3579 478 3637 Eum
500 3575 686 3638 confundunt
708 3576 846 3638 nonnulli
864 3600 932 3640 cum
954 3577 1154 3658 praecedenti.

64 3663 66 3666 '
107 3659 228 3716 Orosius
249 3659 260 3734 (
281 3659 449 3734 Paullus),
465 3660 550 3739 Hisp.
565 3660 754 3724 Historicua,
773 3660 974 3740 &Augustini
994 3655 1219 3738 discipulumei·

63 3737 191 3818 demque
211 3758 311 3800 catus.
332 3738 388 3798 Sub
408 3741 543 3798 H‘onotio
565 3741 619 3811 scri
642 3741 681 3798 sit
703 3739 859 3798 Historiam
878 3734 958 3798 su'am
983 3736 1103 3797 iocunda
1132 3735 1224 3795 breui-

64 3833 145 3886 tate,
167 3835 198 3876 et
223 3819 365 3880 nonnulla
385 3819 459 3880 alia.
480 3821 589 3879 Missus
609 3759 666 3878 dit
687 3820 723 3878 ad
745 3821 897 3880 Orientem
918 3841 933 3878 a
954 3821 980 3877 S.
995 3816 1228 3901 Augustioonut

66 3899 259 3967 salutaret‚et
280 3900 442 3960 consuleret
462 3901 488 3957 S.
502 3901 726 3977 Hieronymum,
739 3897 888 3960 Bethleem
909 3917 1137 3960 commorantem
1152 3940 1160 3954 ·
1186 3893 1230 3956 Ex

69 3979 286 4060 Hierosolymis
305 3981 344 4040 iar
362 3977 700 4060 Africam-adsperserit
719 3980 837 4042 sub-an.
856 3989 914 4052 41⁶
935 3976 1236 4065 &StephaniPsozw

1009 4059 1066 4136 fa
