3317 4817
181 421 186 432 .
270 414 273 419 -
461 431 466 438 ,
639 369 700 430 Do
1026 437 1036 448 ‚
1156 368 1193 436 1⁷2

92 452 172 517 Haec
193 449 313 522 Oratio,
335 464 366 512 et
385 451 435 522 ea,
454 469 510 532 qua
531 449 662 530 Appium
684 449 827 510 accusarit
844 493 853 520 ,
873 467 909 512 ot
927 452 1001 513 aliae
1016 452 1061 516 'ab
1082 395 1257 516 eo'habitae

91 535 358 595 desid.'Aceusatus
377 533 467 592 etiam
488 529 546 590 fuit
566 529 724 588 Dolabella
744 535 767 590 a
781 533 954 600 nonnullis,
976 535 1058 593 inter¹
1081 535 1156 595 alios
1179 557 1196 594 a
1219 538 1261 595 C-

90 617 117 674 J.
131 617 213 677 Caes.
222 615 306 674 valde
327 619 448 686 iuvene.
471 611 548 670 Vide
569 610 675 668 Caesar
691 611 726 668 in
747 611 778 668 C.
792 613 838 670 De
861 612 1037 672 Dolabellae
1057 615 1196 674 Oratione
1214 617 1250 674 in

92 697 141 757 Μ.
158 698 231 754 Ant.
243 695 321 753 Vide
347 693 409 751 Cic.
424 691 530 766 Philip.
542 710 569 748 a.
1113 709 1116 715 ·
1220 729 1223 734 -

135 775 322 833 Domitianas
343 772 360 848 (
368 774 446 832 Flar.
458 771 578 848 ),Rom.
591 772 766 852 Imperator,
778 774 951 852 Vespasiani
973 771 1032 842 fil..
1050 791 1080 834 et
1098 771 1166 834 Titi
1178 775 1255 836 item

91 850 336 936 Impetal.,ftatet
357 871 427 915 natu
447 854 554 921 minor,
568 854 698 915 Patri.et
710 849 802 911 Fiatti
824 852 955 914 moribus
974 855 1060 913 valde
1078 854 1254 917 dissimilis.

93 937 166 996 Fuit
179 935 215 996 ab
228 935 420 1016 Scriptotibus
434 936 479 992 sui
491 934 632 1014 temporis
641 950 778 1014 tanquam
795 934 884 992 Poeta
896 935 1159 1014 praestantissimus
1173 955 1256 995 eom·

93 1013 262 1080 mendatus,
280 1015 468 1074 assentatorie
488 1015 589 1098 magis,
603 1031 688 1093 quam
702 1033 782 1072 vere.
805 1013 859 1071 llle
870 1016 976 1074 Poetae
996 1017 1196 1075 nomen'mite
1214 1012 1255 1078 sf-

94 1093 236 1165 sectabat,
260 1113 288 1154 et
309 1096 377 1154 talis
397 1095 491 1153 videti
511 1093 674 1158 ambiebat,
698 1093 742 1152 rel
763 1113 834 1164 sua,
857 1094 902 1152 rel
922 1096 1016 1154 aliena
1047 1099 1184 1155 Poemata
1204 1116 1261 1176 pus

93 1175 171 1236 blice
189 1177 314 1236 recitans
334 1177 368 1248 in
388 1174 539 1235 doctorum
551 1173 707 1233 hominum
728 1175 933 1241 conventibus,
952 1175 1074 1234 aliorum
1097 1178 1254 1237 Poetarum

93 1277 198 1326 more,
219 1278 250 1316 ac
271 1273 411 1336 praeterea
431 1255 531 1314 Poetis
550 1251 682 1314 favebat.
704 1255 740 1312 Ei
758 1271 919 1337 assentatur
939 1256 1070 1333 Quintil.
1083 1257 1104 1314 l.
1120 1278 1166 1314 ro.
1178 1296 1187 1320 ,
1199 1255 1252 1316 ubi

93 1337 132 1396 de
154 1338 241 1412 Copia
259 1338 419 1399 verboram,
439 1353 473 1394 ut
492 1335 581 1394 etiam
604 1335 667 1394 Val.
679 1337 765 1394 Matt.
780 1336 813 1392 in
835 1334 938 1394 multis
949 1335 1118 1412 Epigramm.
1127 1338 1250 1416 Scripsit
1283 1381 1289 1399 ,

92 1419 289 1476 Domitianus
300 1417 336 1476 ad
351 1417 490 1476 Amicum
501 1415 549 1472 lib.
562 1415 778 1488 decapillatum
793 1433 870 1485 cara,
883 1415 935 1496 qui
946 1415 1039 1477 desid.
1060 1417 1138 1476 illud
1151 1461 1158 1486 ,
1172 1419 1254 1475 inter

92 1498 151 1557 alia
172 1498 382 1578 multa‘parum
408 1498 497 1578 digna
526 1495 805 1563 commendatione,
827 1497 862 1553 itt
888 1515 924 1554 eo
951 1495 1151 1562 laudandum,
1171 1497 1257 1578 quod

91 1575 294 1646 bibliothecas,
303 1578 442 1637 incendio
452 1577 562 1635 Romae
572 1576 981 1654 consumtas,impensissime
991 1578 1255 1658 reparaverit,mis·

91 1659 134 1718 sis
155 1658 385 1725 Alexandriam,
407 1675 436 1716 et
457 1655 493 1715 ad
513 1656 582 1716 alias
609 1657 762 1724 civitates,
784 1656 838 1735 qui
857 1657 1030 1736 exemplaria
1060 1658 1123 1717 illie
1149 1658 1258 1718 deseri:
1290 1710 1301 1731 χ

94 1737 217 1806 boens,
239 1755 269 1797 et
290 1739 450 1820 designatis
470 1737 550 1794 Viris
572 1736 688 1804 doctis,
710 1737 761 1816 qui
782 1735 872 1795 libros
892 1737 929 1794 ad
949 1757 979 1796 se
998 1738 1103 1797 missos
1122 1739 1256 1798 emenda·

93 1837 171 1886 rent,
185 1819 348 1903 priusquam
371 1821 403 1876 in
419 1814 606 1876 bibliothecis
628 1834 803 1896 ponerentur
812 1859 818 1870 .
827 1818 933 1896 Legem
945 1817 1034 1876 etiam
1046 1817 1117 1876 tulit
1130 1819 1253 1897 pruden-

92 1901 242 1959 tissimam
264 1899 301 1956 de
322 1917 383 1956 non
403 1897 562 1958 castrandie
583 1897 700 1976 puetis.
722 1895 789 1954 Alia
810 1893 894 1953 laude
906 1897 1004 1978 digna,
1023 1897 1116 1956 initio
1134 1899 1251 1978 regimi-

25 2045 28 2048 ,
91 1981 144 2040 nis
163 1978 199 2040 ab
219 1998 253 2038 eo
273 1997 362 2062 gesta,
375 1978 470 2037 rideri
492 1992 611 2057 possunt
632 1978 666 2035 in
686 1979 761 2036 Suet.
774 1977 836 2053 ejus
858 1975 951 2034 Vitam
971 1975 1133 2036 scribente.
1145 1978 1254 2041 Omni·

90 2060 149 2121 bus
168 2061 282 2119 invisus
302 2060 341 2117 ob
361 2079 441 2118 suam
463 2057 680 2123 crudelitatem,
703 2056 714 2132 l
736 2075 792 2135 qua
813 2053 902 2135 etiam
924 2057 958 2115 in
971 2058 1255 2140 ,sanguineeonjun

92 2159 158 2200 etos
178 2141 282 2200 saeviit
304 2137 317 2211 )
336 2139 369 2198 in
390 2157 442 2198 suo
462 2136 597 2197 eubiculo
618 2157 633 2196 a
653 2136 814 2211 coniuratis
845 2130 903 2196 fuit
931 2138 1042 2196 occisus
1070 2156 1117 2196 an.
1138 2134 1252 2205 Christi

92 2221 275 2302 96.1mperii
294 2238 340 2277 an.
356 2239 401 2294 15.
415 2221 486 2296 Ejus
505 2219 580 2276 Acta
600 2237 616 2275 a
637 2220 732 2278 Nerva
752 2211 870 2280 suerum
888 2217 1020 2276 rescissa.
1043 2215 1253 2286 Christianos,

90 2304 255 2384 instigante
275 2299 458 2380 Appollonio
481 2296 634 2358 Thianaeo
657 2294 783 2364 Philos,
802 2297 931 2356 multum
952 2299 1086 2359 vexarit.
1108 2298 1147 2362 V.
1158 2297 1251 2375 Apol·

48 2393 50 2396 '
91 2385 188 2441 lortius
208 2384 242 2440 in
263 2396 309 2445 A:
329 2379 524 2460 erirttiliartes
544 2379 578 2436 in
599 2376 636 2453 Q.
1103 2411 1107 2417 ι

133 2457 285 2521 Domitius
303 2457 423 2536 ((111),
445 2456 959 2528 Ahenobarbus,Oratot,aetusavit
978 2463 1041 2522 CN.
1061 2461 1253 2522 Sanuninum

90 2543 329 2605 adolescentem.
351 2541 429 2599 Vide
441 2540 541 2614 'Epist
554 2537 599 2596 M.
615 2539 703 2597 Caelii
723 2540 761 2596 atl
781 2539 838 2598 cie.
852 2541 900 2598 lii.
927 2555 954 2598 8.
975 2541 1066 2616 Epist.
1087 2543 1189 2600 Famil.
1205 2544 1250 2603 Ci‘-

88 2622 376 2703 eetortis.Repulsam
389 2639 487 2703 passus
506 2616 565 2679 fuit
584 2620 619 2678 in
637 2621 801 2704 Augutatut
820 2621 1038 2702 petitione.lta
1049 2623 1160 2684 ibidem
1181 2626 1251 2685 Cae·

89 2708 152 2767 lius
173 2704 211 2764 ad
231 2705 294 2764 Cic.

80 2937 267 3007 patant„'ac
286 2932 321 2990 al
342 2932 382 2990 eis
402 2932 500 2992 bartam
520 2949 634 3010 gastum
655 2933 684 2990 itt
704 2934 783 2993 cirili
803 2979 811 3005 ,
833 2944 883 2994 sert
894 2932 1019 3013 'politica
1034 2937 1250 2996 somersetiam

83 3013 246 3088 neutiquam
272 3014 420 3088 petendum
448 3032 526 3074 esse.
557 3015 685 3073 liorttatri¹
708 3013 861 3084 Christiani
886 3019 978 3076 multo
1003 3019 1095 3095 tnagis
1127 3017 1246 3083 urbani,

83 3093 171 3150 etiam
192 3092 365 3152 irrisionis
385 3095 487 3154 seculis
502 3091 620 3171 fartam
634 3134 642 3158 ‚
654 3113 744 3174 „quam
762 3093 871 3174 suerint
890 3096 1005 3155 Ethaici
1024 3099 1054 3156 itt
1073 3100 1175 3157 tetulit
1191 3113 1251 3174 poa

81 3172 246 3230 litiorihtts.
274 3174 343 3233 Viae
372 3175 509 3235 Ciceronis
527 3176 617 3234 Orat.
639 3175 668 3232 irt
689 3175 722 3234 l.
747 3177 907 3242 Pisonem,
928 3179 1077 3250 casticiis,
1099 3181 1183 3238 etiam
1204 3191 1242 3237 e'x

76 3257 166 3335 faece
197 3255 279 3331 vulgi
309 3257 468 3324 metuatis,
488 3253 639 3333 referserit
660 3257 723 3316 aide
743 3259 808 3317 itetrt
837 3254 1035 3339 Philippicas,
1059 3279 1108 3320 seu
1129 3259 1244 3320 Oratio-

51 3353 140 3394 ,nes
162 3333 219 3393 Cic.
241 3336 275 3393 in
307 3338 350 3396 Μ.
372 3339 445 3396 Ant.
458 3363 469 3401 ,·
490 3355 523 3394 st
552 3339 634 3396 etiam
666 3339 750 3397 verba
778 3339 870 3398 Curio
897 3341 925 3396 itt
945 3341 979 3400 G
999 3340 1073 3400 Sunt
1099 3359 1194 3405 aaut,
1213 3358 1242 3400 et

79 3415 203 3498 fuerant
224 3415 397 3476 simultates.
425 3417 525 3476 Venerit
546 3437 588 3475 res
607 3419 697 3477 aeriis
717 3419 809 3497 magis
830 3418 941 3478 arbaris
960 3422 1171 3497 transigantur.
1192 3421 1243 3480 Ex

83 3513 145 3572 quo
165 3495 291 3554 Rotnani
310 3499 345 3555 al
365 3501 419 3567 iis,
442 3517 511 3574 qast
531 3499 586 3574 ipsi
604 3500 734 3559 barbaros
755 3499 953 3576 appellabaris,
973 3519 1096 3576 quosque
1120 3501 1246 3558 barbatis

83 3576 179 3633 modis
199 3578 376 3645 cruciabant,
400 3580 604 3649 certamimis,
627 3579 798 3640 Christianos
824 3599 913 3638 metes
932 3580 1107 3651 didicerunt,
1119 3601 1146 3640 et
1165 3581 1255 3639 inda-⁹

84 3672 173 3716 eram
183 3696 192 3720 ,
204 3659 292 3716 multo
313 3659 512 3730 humaniores,
534 3677 561 3718 et
576 3661 740 3737 politiores,
756 3677 813 3719 tum
833 3662 943 3731 verbis,
962 3679 1026 3718 tarn·
1035 3660 1125 3740 fastis
1145 3664 1244 3722 redditi

76 3738 219 3819 fuerunt:
240 3741 315 3814 qaod
332 3742 483 3800 illuminati
503 3740 585 3820 hujus
606 3743 694 3800 secali
714 3739 930 3801 Antichristiarti
941 3742 1107 3817 Philosophi
1127 3764 1188 3802 sum
1208 3745 1244 3802 il.

82 3817 266 3878 luminatrice
279 3839 332 3876 sita
351 3818 534 3898 Philosophia
549 3823 671 3883 ‘nondam
692 3823 835 3891 viderant,
855 3824 903 3883 val
921 3825 1024 3883 vidisse
1043 3816 1241 3898 dissimula'rit,

79 3921 122 3960 rte
136 3897 289 3978 fateantur
301 3902 404 3962 Christi
416 3904 704 3978 Religionem,etiarrt
725 3904 903 3979 irtPolititis,
923 3907 1054 3967 madum
1075 3906 1252 3980 emendasse·

84 3985 267 4062 multamque
286 3985 425 4048 hamatae
444 3983 581 4048 Societati
594 3983 761 4064 profuisse.
1088 4027 1094 4036 ·
