3317 4817
420 383 504 442 tione
526 381 605 442 rotis
620 381 681 452 Os,
703 372 830 461 exempli
850 378 957 463 gratia,
979 388 1198 459 agnosceretur,
1219 372 1316 433 utrum
1338 368 1375 429 de'
1394 368 1522 439 cresso
1540 366 1573 429 de

417 484 481 521 ossc
501 462 704 543 loquerentur,
725 478 814 521 nter
835 460 1009 519 testimonio
1021 460 1047 516 S.
1061 458 1184 535 August.
1197 454 1358 535 colligitur,
1371 452 1405 509 in
1426 454 1507 524 unius
1526 450 1572 508 ad·

420 541 475 602 huc
496 560 586 603 aetate
606 542 639 601 id
658 541 878 625 agnoscebatur.
890 542 926 599 ln
944 540 1041 620 longis
1060 528 1493 616 insumebantspionunciando
1513 530 1569 588 duo

420 641 551 705 temport
559 649 567 688 t
576 626 609 682 in
617 623 733 702 syllabis
739 642 837 683 autern
850 616 983 681 breuibus
995 620 1145 679 dumtaxat
1158 614 1354 695 unumequod
1367 614 1458 672 etiam
1471 609 1570 691 vulgus

418 703 574 763 indoctum
601 702 786 763 observabat.
809 704 888 762 Haec
915 700 989 761 ratio
1017 696 1233 781 pronunciandi
1260 692 1409 777 deperdita
1436 708 1480 751 est
1509 706 1571 771 post
1644 730 1645 733 κ

423 782 604 843 barbarorum
626 784 848 843 incursionem.
979 820 982 825 ·
1007 826 1011 833 .
1135 794 1139 801 ·
1480 816 1483 821 -

455 862 635 938 Propertius,
651 867 740 924 Poeta
759 863 917 932 Comicus,
939 860 1069 921 diversus
1089 860 1125 921 ab
1145 858 1281 943 Elegiaco
1296 851 1387 939 ms'gis
1407 868 1497 912 notor
1510 850 1570 911 Ful-

417 944 535 1027 gentius
556 946 688 1003 Grsmm.
701 939 783 1004 affert
803 944 877 1005 duos
898 959 993 1001 versus
1014 962 1049 1001 ex
1069 946 1130 1021 ejus
1150 937 1431 1015 Comoediis‚=quas
1460 932 1551 991 desid.

459 1023 623 1099 Propertius
643 1027 653 1100 (
674 1029 736 1086 Sex.
749 1024 889 1101 Aurei),
911 1026 1001 1083 Poeta
1021 1022 1170 1103 Elegissus
1189 1016 1390 1099 insignis.sed
1410 1032 1511 1095 parum
1525 1030 1571 1092 pu·

419 1105 513 1174 dicus,
526 1106 578 1185 qui
599 1106 628 1163 ll.
638 1123 706 1165 ante
716 1104 829 1165 Christi
840 1121 936 1163 ortum
948 1122 995 1163 an.
1011 1112 1064 1180 36..
1081 1096 1172 1183 patria
1184 1097 1291 1160 Umber
1311 1116 1346 1155 er
1358 1096 1513 1155 Macronis
1526 1111 1570 1170 op

416 1186 508 1266 pido.
530 1184 656 1245 Videtur
674 1191 735 1264 ejus
756 1203 835 1267 pater
855 1206 890 1243 ex
911 1186 1036 1265 equestri
1056 1183 1160 1241 ordine
1180 1178 1321 1247 fuisse,et
1341 1178 1375 1233 in
1396 1175 1475 1235 bello
1497 1176 1567 1231 occi·

415 1287 480 1333 ωδ,
501 1264 538 1325 ad
557 1286 634 1325 arum
655 1268 679 1325 J.
691 1268 818 1328 Caesaris
859 1266 1100 1343 erduotus,capta
1113 1262 1227 1322 Perusia
1240 1300 1248 1328 r
1261 1278 1290 1319 et
1311 1259 1391 1316 victo
1410 1255 1491 1314 Julio
1513 1256 1569 1310 An·

371 1419 381 1424 ῃ
414 1347 522 1413 eonio,
543 1347 671 1428 Augusti
691 1348 778 1407 armis
795 1393 802 1405 .
852 1347 985 1425 ropertirss
1006 1361 1103 1403 noster
1117 1343 1262 1412 ..amissis
1280 1359 1346 1399 curn
1368 1354 1447 1417 petre
1468 1335 1567 1400 bonis,

416 1426 502 1487 tenui
522 1444 566 1485 est
586 1446 653 1486 usus
672 1425 812 1499 fortuna,
835 1446 867 1487 ut
885 1430 949 1506 ipse
970 1442 1090 1485 testatur
1110 1440 1237 1482 canens:
1268 1454 1272 1463 .

458 1521 480 1543 -’
542 1505 648 1582 Aspice
665 1528 729 1577 me,
751 1509 796 1565 sui
810 1526 904 1583 parra
924 1508 1021 1565 domus
1038 1504 1157 1584 fortuna
1178 1504 1275 1561 relicta
1296 1515 1361 1559 est:

451 1587 455 1591 ’
617 1588 726 1649 Nullus
754 1606 781 1647 et
800 1590 914 1665 antiquo
936 1585 1034 1645 Morte
1052 1582 1206 1660 triumphus
1227 1582 1289 1640 avi.
1466 1648 1471 1657 ι

402 1666 525 1748 ,Edidit
543 1690 573 1739 4.
594 1668 658 1725 libb.
680 1671 861 1745 Elegiarurn,
882 1688 897 1727 a
918 1666 1038 1728 Criticis
1058 1666 1141 1725 ualde
1153 1663 1390 1723 commendatos.
1411 1656 1497 1716 Plura
1518 1655 1569 1713 alis

416 1749 543 1807 edidisse
566 1747 655 1808 carm.
677 1750 775 1809 nullus
793 1750 920 1817 dubito,
941 1766 1011 1827 qnae
1032 1747 1122 1806 desid.
1136 1744 1247 1803 Floruit
1275 1744 1326 1802 sub
1349 1743 1504 1819 Augusto.
1526 1738 1569 1795 ln·

414 1846 525 1888 certum
546 1848 637 1908 quoto
657 1836 704 1893 air.
724 1830 845 1889 obierit.
866 1829 1034 1888 'Massurius
1054 1829 1087 1885 in
1100 1826 1195 1884 Ovidii
1215 1822 1437 1892 viroconium,
1461 1816 1566 1875 obiisse

417 1928 464 1968 an.
479 1913 517 1969 U.
529 1911 562 1969 C.
576 1932 644 1982 74²·
656 1915 817 1971 Inventum
839 1907 897 1969 fuit
918 1909 1062 1989 Propertii
1082 1904 1243 1985 exemplar,
1264 1902 1384 1963 corrosis
1405 1898 1518 1962 multis,
1539 1896 1569 1953 in

415 1989 488 2049 cella
508 1992 622 2053 vinaria
642 1992 694 2053 sub
714 1992 823 2051 doliis.
843 1994 988 2069 Tempore
1008 1990 1126 2047 luviani
1147 1986 1276 2046 Pontani
1298 1980 1415 2042 fuerunt
1437 1978 1563 2057 primum

418 2070 515 2128 editae
534 2075 594 2147 ejus
615 2073 750 2149 Elegiae,
772 2091 871 2153 parum
892 2069 986 2129 adhuc
1005 2071 1153 2151 integrae.
1175 2070 1222 2125 ltu
1241 2063 1403 2125 Alexander
1431 2059 1466 2116 ab
1490 2056 1569 2114 Alex.

417 2150 594 2208 irs-Diebus
620 2154 752 2223 Geniol„
773 2171 802 2212 et
829 2152 940 2212 Fabric.
961 2152 996 2209 in
1022 2164 1071 2210 sua
1098 2144 1234 2206 Biblioth.
1256 2146 1320 2207 Lar.
1342 2140 1448 2202 Multis
1480 2137 1570 2197 Helle·

420 2250 527 2289 nrsmrs
547 2251 655 2296 scatet.
1181 2270 1183 2273 .
1243 2232 1258 2245 ⁸
1347 2258 1349 2265 ·
1644 2242 1645 2249 .

459 2310 616 2373 Proscida.
637 2319 684 2375 De
702 2335 737 2375 eo
758 2322 896 2395 tanqrram
918 2315 954 2375 de
974 2313 1115 2393 Scriptore
1129 2356 1141 2381 ,
1157 2328 1187 2369 et
1206 2310 1327 2367 Oratore
1347 2301 1380 2363 fit
1401 2298 1519 2359 mentio
1538 2297 1569 2354 in

423 2392 471 2447 liba
486 2415 515 2460 4.
530 2392 646 2454 Ructat.
662 2397 699 2453 ad
719 2396 906 2453 Herennium.
1104 2404 1122 2425 >¹

373 2501 375 2504 ·
458 2470 628 2534 Protadius.
652 2476 700 2534 Ad
720 2497 787 2534 eum
807 2496 877 2535 sunt
898 2476 991 2556 plures
1012 2473 1115 2548 Epistt.
1136 2466 1301 2550 Symmachi
1332 2465 1379 2523 lib.
1394 2488 1444 2531 4.,
1466 2456 1568 2539 quibus

419 2552 605 2621 ostenditur,
625 2578 692 2616 eum
714 2553 811 2616 virum
833 2557 992 2615 litteratum
1015 2551 1121 2622 fuisse,
1142 2574 1173 2611 ac
1196 2550 1368 2629 petivisses
1399 2534 1589 2629 Symmacho„

420 2632 583 2701 Orationes,
602 2658 672 2718 quas
692 2638 840 2695 ediderat.
863 2638 933 2695 Fuit
961 2635 1082 2703 Gallus,
1103 2650 1133 2693 et
1159 2634 1270 2691 amicus
1301 2622 1500 2687 Numeriani,
1521 2636 1570 2697 qur
1644 2644 1645 2651 .

418 2734 485 2773 eum
507 2713 604 2777 laudat
624 2720 658 2776 in
683 2716 828 2777 itinerario
848 2730 936 2777 suo.'

436 2849 440 2851 ,
459 2794 629 2856 Prudentius
642 2801 653 2875 (
665 2798 762 2859 Aurel.
775 2801 787 2873 )
799 2845 805 2866 ,
819 2802 910 2863 Poeta:
921 2794 1114 2858 Christianus,
1125 2794 1258 2872 Hispano
1269 2791 1483 2865 caesaraugust.
1496 2826 1504 2848 ‚
1519 2776 1575 2859 pie·

417 2890 487 2942 tate.
502 2895 531 2935 tt
551 2879 693 2958 religione
712 2882 842 2959 insignis
856 2924 863 2947 ‚
875 2879 926 2959 qui
945 2877 975 2935 fl.
989 2895 1034 2935 an.
1052 2884 1115 2952 380.
1130 2892 1193 2955 post
1205 2870 1354 2933 Christum
1369 2912 1374 2923 .
1396 2863 1504 2923 Edidit
1516 2858 1575 2940 plu·

417 2976 446 3015 ra
466 2966 552 3014 carm.
567 2960 708 3039 ,quibus,
729 2980 758 3017 er
769 2959 879 3019 Christ.
893 2958 1079 3039 Religionem
1100 2954 1279 3019 illustrarit,
1300 2964 1329 3007 et
1350 2944 1512 3005 Ethnicam
1533 2959 1574 2997 su-

417 3037 621 3115 perstitionem
643 3040 795 3099 ridiculam
816 3038 969 3105 reddidit,
1004 3037 1148 3095 raesertim
1164 3036 1211 3101 iis,
1232 3052 1302 3113 quae
1322 3047 1422 3087 contra
1443 3027 1573 3101 Symma-

417 3113 506 3174 chum
527 3122 606 3179 urbis
626 3120 739 3189 Praei..
759 3138 790 3179 et
808 3121 929 3179 doctum
949 3060 1318 3183 Erhnicum‚1dulolatrise
1336 3104 1573 3166 addictissimum

418 3196 556 3275 scripsit.
578 3201 661 3259 Plura
689 3201 724 3261 ab
750 3220 786 3260 eo
813 3203 901 3260 variis
932 3200 1036 3261 metris
1051 3198 1129 3256 edita
1151 3196 1304 3275 leguntur,
1326 3188 1376 3248 sed
1398 3204 1462 3243 non
1487 3200 1572 3263 punct

418 3276 534 3339 desid,
552 3282 629 3340 inter
656 3302 727 3360 quae
755 3280 883 3340 Historia
905 3281 946 3340 ab
976 3280 1090 3338 Adamo
1111 3276 1147 3335 ad
1167 3296 1215 3333 sus
1235 3290 1384 3349 tempora,
1405 3285 1497 3345 quam
1517 3280 1574 3320 car·

383 3412 388 3419 .
419 3358 502 3416 mine
523 3356 668 3421 lucubrare
687 3382 831 3445 eggressus
852 3358 963 3425 fuerat,
984 3360 1033 3419 ted
1053 3355 1173 3417 forsitan
1196 3370 1289 3411 morte
1309 3364 1484 3429 praeventus
1512 3339 1577 3400 lini-

417 3458 447 3495 re
469 3456 529 3497 non
560 3444 679 3522 potuit.
700 3448 772 3505 Sunt
793 3444 844 3523 qui
865 3443 983 3509 dicant,
1004 3458 1071 3498 eum
1098 3457 1114 3494 a
1142 3431 1319 3494 Christianis
1349 3422 1575 3519 imperatoribus

418 3519 595 3594 Consulatu,¹
617 3526 663 3583 rel
682 3527 815 3596 Praetura
827 3541 971 3585 ornatum
990 3515 1189 3579 fuisse.Obiit
1207 3512 1261 3573 sub
1280 3508 1417 3572 Honorio
1437 3521 1531 3565 rnsrro
1549 3522 1572 3574 5·

420 3600 495 3661 Eccl.
516 3622 570 3661 see.
666 3614 686 3631 ⁶

473 3697 478 3705 ’
905 3710 907 3713 ·
973 3680 1027 3741 PT

377 3829 384 3840 .
460 3760 640 3824 Ptolemaeus
660 3764 842 3848 Aegyptius.
862 3765 914 3845 qui
936 3762 987 3822 sub
1009 3758 1167 3839 Antonino
1182 3756 1303 3823 lloruit.
1325 3736 1576 3830 hsnonnmus,et

367 3923 371 3927 ⁵
420 3840 653 3927 cosmographus
673 3848 801 3929 insignis
821 3842 895 3904 fuit.
917 3842 1003 3903 Plura*
1021 3846 1083 3911 eius
1102 3838 1167 3897 00.
1180 3853 1314 3899 exstant,
1334 3832 1384 3891 scd
1404 3849 1466 3887 non
1488 3842 1573 3917 pauca

419 3922 581 4007 perlitum.
602 3928 706 3990 Edidit
732 3926 863 3997 Tabulas
877 3924 1117 3992 Astronnmic'as‚
1138 3938 1167 3979 et
1178 3912 1409 4003 -Gtogruphicas,
1422 3926 1520 3993 postes
1541 3920 1575 3963 sn
