3317 4817
449 376 644 536 ‚diiunctus
659 446 809 517 .·0rasor,
832 368 1130 527 conterrebantur
1143 447 1170 507 1.
1193 465 1238 509 re.
1265 446 1338 509 last.
1358 446 1442 507 Orat.
1454 444 1505 507 ob
1523 464 1582 531 grs-

432 535 581 585 trssrmum
603 526 683 586 vocis
703 547 807 588 sonunt
829 530 864 587 in
884 530 1035 591 recitando
1058 550 1123 595 suas
1144 530 1260 594 Orata,
1293 550 1344 591 uae
1363 528 1462 603 desid.¹

470 603 611 682 'Yrcgaedi
631 609 731 668 latini
750 610 887 689 antiqui.
908 612 1023 671 Horum
1044 612 1232 691 paucissimae
1282 611 1429 687 ragoediee
1448 609 1578 690 integrae

428 681 532 745 adnos
562 695 753 750 errener'unt.
772 692 944 772 Fragmenta
964 691 1121 751 multarum
1141 692 1320 772 collegerunt
1330 688 1578 770 Stephani,Mar-

426 764 510 823 tinus
550 765 577 825 el
597 768 899 849 uio,1{irp.1esuia
919 771 1054 841 doctiss,
1067 790 1097 831 ct
1116 774 1290 839 Scriverius.
1312 774 1348 830 In
1362 773 1482 830 &nesae
1503 770 1579 843 intc-¹

423 862 491 985 pras
515 845 685 923 Tragoedias
698 870 790 930 ,quae
809 868 976 931 supersunt.
996 853 1127 935 insignes
1148 852 1297 910 Commeat.
1319 851 1445 910 Martini
1455 848 1505 907 del
1516 849 1575 907 Rio

446 923 582 986 abemus.
603 929 717 989 Primos
737 930 834 993 edidit
859 951 906 989 an.
929 934 1033 991 aetatis
1055 942 1120 1002 18..
1142 952 1216 1013 quos
1234 949 1333 1013 postes
1354 930 1438 991 dedit
1464 929 1576 987 auctio·

424 1022 484 1074 res,
498 1026 532 1065 ex
546 1006 652 1088 quibus
671 1005 781 1090 p'srtem
803 1010 914 1073 dicarit
933 1014 958 1071 l.
969 1013 1083 1093 Lipsio,
1094 1018 1157 1086 ejus
1175 1014 1288 1072 intimo
1307 1012 1404 1071 emico
1415 1050 1425 1073 .
1436 1028 1525 1089 quem
1539 1028 1575 1067 et

423 1084 496 1145 Orci
514 1083 644 1148 faucibus
663 1111 693 1149 se
712 1092 869 1151 extraxisse
889 1092 1050 1157 dicineum
1063 1094 1099 1154 ad
1113 1092 1281 1154 catholicos
1300 1092 1393 1152 redire
1404 1086 1578 1163 amineum.

425 1182 503 1225 tatus
522 1185 652 1249 ternpore
672 1172 803 1255 Belgicae
822 1170 858 1231 ab
877 1173 1019 1251 Hispanis
1038 1171 1228 1235 defectionis.
1501 1224 1506 1231 .
1567 1238 1572 1248 ,

418 1266 427 1281 ’
470 1247 500 1305 T
497 1268 609 1327 reparas
621 1248 637 1325 (
646 1250 751 1331 Ulpius
757 1252 872 1326 Nerva)
887 1293 896 1317 ,
912 1254 1030 1335 ulmp.
1042 1276 1058 1313 a
1072 1257 1168 1316 Nerva
1182 1254 1353 1333 adoptatus,
1367 1251 1404 1312 de
1415 1251 1506 1309 Rom.
1520 1250 1577 1309 Re·

423 1326 490 1407 pub.
512 1331 627 1409 optime
646 1333 767 1393 meritus
780 1376 788 1401 ,
800 1354 816 1391 a
830 1333 908 1391 Plin.
920 1336 1025 1395 Caecil.
1038 1335 1073 1393 in
1083 1335 1188 1395 celebri
1198 1334 1359 1410 Panegyr,
1372 1350 1401 1391 et
1413 1332 1575 1413 gratiarum

418 1408 547 1468 Actione
567 1430 619 1490 pro
639 1431 691 1472 suo
711 1412 871 1473 Consulatu
892 1408 976 1473 miris
995 1416 1139 1475 encomiis
1158 1413 1337 1483 celebratus,
1363 1412 1533 1492 praesertim
1554 1433 1574 1471 a

422 1488 545 1549 militari
567 1492 691 1561 virtute,
712 1512 728 1551 a
749 1492 927 1557 litterarum,
939 1514 971 1553 ac
992 1494 1187 1555 litteratorum
1207 1491 1323 1562 amore,
1343 1513 1375 1551 ac
1396 1494 1430 1549 iu
1451 1489 1507 1549 bos
1527 1491 1574 1549 be·

419 1565 593 1630 neficentia.
615 1571 743 1631 Dionem
766 1570 843 1631 Phil.
863 1593 960 1633 secum
980 1575 1014 1633 in
1034 1595 1118 1635 curru
1137 1573 1309 1653 triumphali
1329 1572 1438 1641 duxit,
1453 1589 1489 1629 ut
1509 1576 1572 1648 ejus

420 1646 585 1711 doctrinam
605 1668 739 1718 ornaret.
772 1652 956 1712 Rebellantes
975 1654 1098 1714 ludaeos
1117 1656 1205 1713 armis
1223 1654 1411 1733 compressit,
1433 1655 1467 1708 in
1490 1650 1574 1709 Chri·
1651 1677 1652 1683 ¹

420 1730 531 1789 stianos
551 1731 590 1791 ob
607 1732 779 1815 religionem
800 1733 913 1813 inquiri
934 1735 1047 1798 reruitt
1062 1735 1150 1794 multi
1164 1754 1262 1793 tamen
1281 1754 1316 1791 co
1337 1734 1501 1813 imperante
1513 1728 1571 1790 fue-

416 1827 487 1869 runt
508 1813 646 1891 martyrio
665 1814 817 1873 coronati.
840 1814 959 1893 Scripsit
985 1814 1121 1883 Dacica,
1143 1834 1266 1895 quorum
1287 1814 1358 1884 liber
1377 1833 1403 1869 r.
1424 1812 1533 1869 citatur
1551 1832 1569 1869 a
1651 1871 1652 1880 ,

416 1890 598 1951 Priscianol.
616 1912 651 1953 a:
668 1894 898 1962 Commentarios,
909 1910 936 1951 er
951 1893 1166 1953 Constitutiones
1185 1896 1220 1953 de
1239 1914 1269 1953 re
1286 1893 1413 1960 militari,
1434 1893 1569 1951 citarasa

418 1970 543 2052 Vegetio
563 1974 678 2033 Renato
697 1975 731 2035 de
750 1993 778 2032 re
797 1974 915 2031 militari
933 1973 1090 2035 scribente.
1112 1977 1190 2035 Haec
1201 2020 1211 2043 ,
1223 1992 1253 2032 er
1263 1974 1319 2031 alia
1332 1972 1397 2029 00.
1411 1970 1506 2028 desid.
1517 1974 1568 2029 Su·

418 2068 538 2132 percunt
558 2053 651 2113 solum
672 2054 776 2127 Episrr.
790 2052 964 2122 breves,scd
983 2057 1171 2133 gravissimae
1190 2054 1227 2114 ad
1247 2054 1324 2122 Plin.
1346 2050 1452 2113 caecil.
1473 2050 1571 2129 Impe-

418 2130 495 2190 ravit
515 2150 561 2191 an.
586 2152 639 2203 19:
660 2133 738 2193 vixit
760 2143 807 2206 64.
829 2132 916 2194 Obiit
931 2135 963 2191 in
978 2135 1085 2194 Cilicia
1104 2156 1120 2194 a
1141 2136 1255 2216 oplexia
1273 2150 1418 2213 correptus
1431 2130 1573 2191 anchri-
1651 2131 1652 2154 ³

420 2211 458 2271 sti
483 2213 684 2285 117..(antea
704 2232 775 2292 aqua
795 2216 939 2273 intercute
958 2214 1102 2275 laborabat
1121 2155 1140 2291 l
1156 2236 1222 2275 curn
1244 2234 1321 2273 arma
1341 2216 1375 2270 in
1395 2209 1568 2290 rebellantes

417 2288 539 2353 Parthos
559 2311 685 2371 peraret.
708 2294 814 2367 Optimi
834 2296 992 2377 Agnorncn
1011 2291 1070 2354 fuit
1089 2297 1118 2354 ei
1138 2296 1270 2353 inditum
1292 2315 1308 2351 a
1329 2292 1475 2351 Romanis
1491 2334 1500 2360 ,
1514 2288 1568 2371 qui
1651 2361 1652 2370 ἶ

417 2369 533 2449 Traiani
551 2372 714 2433 bonitatem
735 2375 946 2433 successoribus
965 2374 1124 2456 optabant,
1156 2374 1251 2435 Herba
1273 2372 1426 2453 parietaria
1449 2368 1487 2429 ab
1507 2372 1569 2429 An·

413 2453 521 2510 tonino
534 2452 639 2533 imper.
658 2452 868 2533 appellabatur,
880 2455 947 2535 quia
969 2474 1077 2515 nomen
1098 2475 1182 2543 suum
1201 2454 1342 2513 omnibus
1359 2448 1503 2513 aedificiis
1517 2470 1568 2531 pu·

415 2528 500 2591 blicis
520 2551 537 2591 a
557 2552 585 2591 se
605 2532 757 2593 exstructis
777 2534 899 2595 inscribi
920 2532 1051 2609 jubebar.
1072 2536 1150 2594 lllud
1171 2554 1232 2605 non
1253 2530 1475 2595 omittendum.
1498 2533 1568 2590 Tra·

416 2613 517 2688 janum
539 2630 639 2672 contra
659 2614 839 2681 exactiones,
851 2633 882 2673 et
901 2612 1011 2675 tributa
1023 2615 1184 2675 immodica
1196 2617 1290 2675 dicere
1300 2613 1420 2673 solitum
1431 2636 1439 2671 :
1450 2610 1567 2678 Fiscurrr

415 2709 475 2749 esse
494 2694 785 2768 securitatemque
806 2710 996 2764 excrescente,
1008 2712 1087 2753 artus
1107 2696 1190 2755 ceteri
1210 2696 1420 2754 contabescunt.
1442 2693 1488 2751 Ita
1501 2694 1568 2750 Set·

413 2786 462 2831 tus
482 2772 616 2833 Aurelius
637 2775 671 2833 in
690 2775 829 2833 Iuliano.
851 2773 929 2834 Vide
947 2778 1010 2851 ejus
1028 2776 1151 2838 Dictum
1172 2773 1361 2837 memorabile
1370 2774 1407 2833 ad
1418 2768 1512 2833 Praei.
1524 2791 1566 2853 pr.

411 2851 508 2911 Verbo
529 2852 712 2932 Praefectura
738 2855 772 2913 in
793 2854 831 2914 P.
1181 2922 1185 2929 ,
1225 2924 1232 2931 ,

428 2980 430 2985 .
450 2930 633 3009 Tranquillus
652 2934 663 3011 (
678 2937 712 2995 C.
732 2935 929 3013 Suetonius),
943 2938 1095 2999 Romanus
1115 2940 1274 3000 litteratus
1285 2983 1292 3007 ,
1305 2934 1357 2999 sub
1369 2934 1498 2997 Suetonii
1512 2952 1565 2993 no·

407 3011 491 3073 mine
511 3015 603 3096 magis
613 3030 717 3083 notus.
735 3033 765 3076 et
784 3017 905 3080 citatus.
927 3020 997 3080 Fuit
1007 3021 1135 3093 Orator,
1152 3038 1182 3079 et
1197 3020 1362 3093 Historicus
1383 3018 1483 3077 nimio
1495 3014 1563 3095 plus

409 3091 551 3175 diligens:
568 3095 676 3175 quippe
695 3098 746 3176 qui
768 3099 911 3175 potuisset
931 3099 1011 3178 plura
1032 3100 1182 3181 impudica
1194 3100 1564 3180 imperatorum,quorum
1650 3117 1651 3140 ³

414 3171 497 3234 Vitas
515 3175 639 3257 scripsit,
660 3176 724 3236 siue
743 3175 852 3237 damno
873 3180 1044 3259 praeterire,
1072 3180 1118 3239 rel
1137 3201 1169 3242 ea
1189 3198 1305 3240 tantum
1325 3179 1510 3261 generatim,
1535 3193 1565 3234 et

410 3251 505 3312 serbis
524 3250 740 3317 honestioribus
759 3256 908 3317 indicare.
929 3259 1024 3318 Multa
1044 3260 1244 3342 edidie,quae
1262 3261 1354 3319 desid.
1377 3260 1484 3335 lnprz.
1509 3256 1566 3314 lar·

404 3350 565 3408 pecatorum
592 3334 664 3395 Vuis
683 3334 807 3396 initium
830 3338 913 3397 Vitae
926 3339 957 3397 C.
968 3340 1029 3397 Iul.
1038 3340 1183 3409 Caesaris,
1203 3340 1294 3415 abeo
1314 3340 1419 3409 editae,
1441 3357 1503 3418 non
1520 3356 1564 3397 er·

409 3424 486 3476 stat.
507 3416 577 3493 Ejus
604 3415 839 3497 supplementum
859 3419 943 3482 dedit
962 3420 1075 3480 Ludov.
1096 3423 1206 3489 Vives,
1227 3422 1334 3500 stylum
1356 3441 1441 3480 suum
1463 3421 1564 3500 Sueto·

408 3494 502 3554 niano
521 3496 763 3560 accommodans.
783 3498 905 3578 Scripsit
924 3500 1014 3559 eriam
1034 3500 1082 3557 lib.
1101 3502 1136 3558 de
1153 3502 1263 3574 Illusrr.
1277 3501 1416 3570 Gratum,
1440 3502 1493 3582 qui
1513 3518 1562 3559 et·

395 3574 479 3633 brat.
502 3575 709 3638 Desiderautur
728 3576 866 3639 Ludicrae
883 3581 946 3652 ejus
966 3578 1127 3650 Historiae,
1141 3582 1247 3641 citatae
1267 3602 1282 3641 a
1303 3582 1368 3641 Gel.
1389 3581 1409 3638 l.
1424 3600 1452 3657 p.
1465 3599 1491 3639 c.
1510 3598 1561 3648 r..

405 3672 436 3712 et
456 3672 606 3735 supersunt
630 3654 741 3723 solum.
757 3652 799 3718 fra
819 3678 859 3718 m.
879 3660 914 3715 de
934 3659 1027 3719 cleris
1052 3659 1170 3729 Poetis,
1192 3679 1219 3719 er
1239 3662 1273 3720 cle
1295 3661 1338 3720 CI.
1360 3660 1560 3739 Rbercribus.

402 3733 460 3791 Scri
484 3735 524 3792 sit
542 3736 675 3815 insuper.
696 3755 783 3797 secun
807 3757 857 3796 um
879 3740 1088 3815 Passerinum,
1100 3742 1134 3799 de
1153 3740 1342 3820 Regibusrde
1355 3742 1560 3801 Praetoribus:

401 3814 436 3871 sle
529 3814 722 3878 destitutis-r
742 3818 775 3875 de
796 3814 1172 3894 Officiorumlnsriruticae:
1193 3824 1229 3881 de
1244 3820 1358 3899 Signis,
1371 3817 1557 3883 sireNoris:

407 3892 443 3949 lc
462 3889 548 3957 Anna
566 3895 677 3963 Rom-at
697 3896 731 3971 ἅς
764 3895 895 3973 Ρεεζίιυῃἱ
918 3902 1084 3979 generibus(
1107 3902 1148 3980 de¹
1166 3893 1339 3981 Spectaculis
1352 3899 1429 3981 'ade'
1444 3896 1562 3964 Graecis
1649 3933 1650 3936 ¹

406 3966 694 4050 ‘straminibumire
715 3974 823 4041 cuca:
838 3996 910 4062 quae
932 3975 997 4042 00.
1010 4024 1019 4058 ‚
1030 3981 1066 4045 ab
1081 3980 1213 4065 antiquis
1233 3977 1341 4061 citata,
1358 3974 1503 4061 arbitror,
1515 3986 1562 4045 in-
